%YAML 1.1
%TAG !u! tag:unity3d.com,2011:
--- !u!1 &6624257175430961010
GameObject:
  m_ObjectHideFlags: 0
  m_CorrespondingSourceObject: {fileID: 0}
  m_PrefabInstance: {fileID: 0}
  m_PrefabAsset: {fileID: 0}
  serializedVersion: 6
  m_Component:
  - component: {fileID: 572056936468011183}
  - component: {fileID: 8899361409590471377}
  - component: {fileID: 2128656454313052285}
  m_Layer: 0
  m_Name: BookCover
  m_TagString: Untagged
  m_Icon: {fileID: 0}
  m_NavMeshLayer: 0
  m_StaticEditorFlags: 0
  m_IsActive: 1
--- !u!4 &572056936468011183
Transform:
  m_ObjectHideFlags: 0
  m_CorrespondingSourceObject: {fileID: 0}
  m_PrefabInstance: {fileID: 0}
  m_PrefabAsset: {fileID: 0}
  m_GameObject: {fileID: 6624257175430961010}
  m_LocalRotation: {x: 0, y: -0, z: -0, w: 1}
  m_LocalPosition: {x: -0, y: 0, z: 0}
  m_LocalScale: {x: 1, y: 1, z: 1}
  m_Children: []
  m_Father: {fileID: 7329748645472307942}
  m_RootOrder: 0
  m_LocalEulerAnglesHint: {x: 0, y: 0, z: 0}
--- !u!33 &8899361409590471377
MeshFilter:
  m_ObjectHideFlags: 0
  m_CorrespondingSourceObject: {fileID: 0}
  m_PrefabInstance: {fileID: 0}
  m_PrefabAsset: {fileID: 0}
  m_GameObject: {fileID: 6624257175430961010}
  m_Mesh: {fileID: 447042726137223758, guid: 819db859f4a46cf4eaaeb304ff4beb0e, type: 3}
--- !u!23 &2128656454313052285
MeshRenderer:
  m_ObjectHideFlags: 0
  m_CorrespondingSourceObject: {fileID: 0}
  m_PrefabInstance: {fileID: 0}
  m_PrefabAsset: {fileID: 0}
  m_GameObject: {fileID: 6624257175430961010}
  m_Enabled: 1
  m_CastShadows: 1
  m_ReceiveShadows: 1
  m_DynamicOccludee: 1
  m_MotionVectors: 1
  m_LightProbeUsage: 1
  m_ReflectionProbeUsage: 1
  m_RayTracingMode: 2
  m_RayTraceProcedural: 0
  m_RenderingLayerMask: 1
  m_RendererPriority: 0
  m_Materials:
  - {fileID: 2100000, guid: 223856dc21c97c84e8980937f686a4d4, type: 2}
  m_StaticBatchInfo:
    firstSubMesh: 0
    subMeshCount: 0
  m_StaticBatchRoot: {fileID: 0}
  m_ProbeAnchor: {fileID: 0}
  m_LightProbeVolumeOverride: {fileID: 0}
  m_ScaleInLightmap: 1
  m_ReceiveGI: 1
  m_PreserveUVs: 0
  m_IgnoreNormalsForChartDetection: 0
  m_ImportantGI: 0
  m_StitchLightmapSeams: 1
  m_SelectedEditorRenderState: 3
  m_MinimumChartSize: 4
  m_AutoUVMaxDistance: 0.5
  m_AutoUVMaxAngle: 89
  m_LightmapParameters: {fileID: 0}
  m_SortingLayerID: 0
  m_SortingLayer: 0
  m_SortingOrder: 0
  m_AdditionalVertexStreams: {fileID: 0}
--- !u!1 &7584552396694883247
GameObject:
  m_ObjectHideFlags: 0
  m_CorrespondingSourceObject: {fileID: 0}
  m_PrefabInstance: {fileID: 0}
  m_PrefabAsset: {fileID: 0}
  serializedVersion: 6
  m_Component:
  - component: {fileID: 8623364002611978372}
  - component: {fileID: 6747251794148416614}
  - component: {fileID: 7332774307343953527}
  m_Layer: 0
  m_Name: BookPages
  m_TagString: Untagged
  m_Icon: {fileID: 0}
  m_NavMeshLayer: 0
  m_StaticEditorFlags: 0
  m_IsActive: 1
--- !u!4 &8623364002611978372
Transform:
  m_ObjectHideFlags: 0
  m_CorrespondingSourceObject: {fileID: 0}
  m_PrefabInstance: {fileID: 0}
  m_PrefabAsset: {fileID: 0}
  m_GameObject: {fileID: 7584552396694883247}
  m_LocalRotation: {x: 0, y: -0, z: -0, w: 1}
  m_LocalPosition: {x: -0, y: 0, z: 0}
  m_LocalScale: {x: 1, y: 1, z: 1}
  m_Children: []
  m_Father: {fileID: 7329748645472307942}
  m_RootOrder: 1
  m_LocalEulerAnglesHint: {x: 0, y: 0, z: 0}
--- !u!33 &6747251794148416614
MeshFilter:
  m_ObjectHideFlags: 0
  m_CorrespondingSourceObject: {fileID: 0}
  m_PrefabInstance: {fileID: 0}
  m_PrefabAsset: {fileID: 0}
  m_GameObject: {fileID: 7584552396694883247}
  m_Mesh: {fileID: -6379866411891998167, guid: 819db859f4a46cf4eaaeb304ff4beb0e, type: 3}
--- !u!23 &7332774307343953527
MeshRenderer:
  m_ObjectHideFlags: 0
  m_CorrespondingSourceObject: {fileID: 0}
  m_PrefabInstance: {fileID: 0}
  m_PrefabAsset: {fileID: 0}
  m_GameObject: {fileID: 7584552396694883247}
  m_Enabled: 1
  m_CastShadows: 1
  m_ReceiveShadows: 1
  m_DynamicOccludee: 1
  m_MotionVectors: 1
  m_LightProbeUsage: 1
  m_ReflectionProbeUsage: 1
  m_RayTracingMode: 2
  m_RayTraceProcedural: 0
  m_RenderingLayerMask: 1
  m_RendererPriority: 0
  m_Materials:
  - {fileID: -8848810374240701247, guid: 819db859f4a46cf4eaaeb304ff4beb0e, type: 3}
  m_StaticBatchInfo:
    firstSubMesh: 0
    subMeshCount: 0
  m_StaticBatchRoot: {fileID: 0}
  m_ProbeAnchor: {fileID: 0}
  m_LightProbeVolumeOverride: {fileID: 0}
  m_ScaleInLightmap: 1
  m_ReceiveGI: 1
  m_PreserveUVs: 0
  m_IgnoreNormalsForChartDetection: 0
  m_ImportantGI: 0
  m_StitchLightmapSeams: 1
  m_SelectedEditorRenderState: 3
  m_MinimumChartSize: 4
  m_AutoUVMaxDistance: 0.5
  m_AutoUVMaxAngle: 89
  m_LightmapParameters: {fileID: 0}
  m_SortingLayerID: 0
  m_SortingLayer: 0
  m_SortingOrder: 0
  m_AdditionalVertexStreams: {fileID: 0}
--- !u!1 &7994926325837549660
GameObject:
  m_ObjectHideFlags: 0
  m_CorrespondingSourceObject: {fileID: 0}
  m_PrefabInstance: {fileID: 0}
  m_PrefabAsset: {fileID: 0}
  serializedVersion: 6
  m_Component:
  - component: {fileID: 7329748645472307942}
  - component: {fileID: 1328503591862532890}
  m_Layer: 0
  m_Name: BookBlosk
  m_TagString: Untagged
  m_Icon: {fileID: 0}
  m_NavMeshLayer: 0
  m_StaticEditorFlags: 0
  m_IsActive: 1
--- !u!4 &7329748645472307942
Transform:
  m_ObjectHideFlags: 0
  m_CorrespondingSourceObject: {fileID: 0}
  m_PrefabInstance: {fileID: 0}
  m_PrefabAsset: {fileID: 0}
  m_GameObject: {fileID: 7994926325837549660}
  m_LocalRotation: {x: 0.7071068, y: 0.00000049173826, z: -0.000000050856713, w: 0.7071068}
  m_LocalPosition: {x: -8.569999, y: -12.22, z: -2.5301216}
  m_LocalScale: {x: 1.5, y: 1.5000011, z: 1}
  m_Children:
  - {fileID: 572056936468011183}
  - {fileID: 8623364002611978372}
  - {fileID: 7329748643644877440}
  - {fileID: 7329748644027571053}
  m_Father: {fileID: 0}
  m_RootOrder: 0
  m_LocalEulerAnglesHint: {x: 90, y: 0, z: 0}
--- !u!65 &1328503591862532890
BoxCollider:
  m_ObjectHideFlags: 0
  m_CorrespondingSourceObject: {fileID: 0}
  m_PrefabInstance: {fileID: 0}
  m_PrefabAsset: {fileID: 0}
  m_GameObject: {fileID: 7994926325837549660}
  m_Material: {fileID: 0}
  m_IsTrigger: 0
  m_Enabled: 1
  serializedVersion: 2
  m_Size: {x: 1.5048898, y: 1, z: 1.2350327}
  m_Center: {x: 0.026114544, y: -1.3089372e-15, z: -0.3917225}
--- !u!1001 &1328503590417263254
PrefabInstance:
  m_ObjectHideFlags: 0
  serializedVersion: 2
  m_Modification:
    m_TransformParent: {fileID: 7329748645472307942}
    m_Modifications:
    - target: {fileID: 1145404409961247584, guid: 8300ba75a09fbf340afeb240d20bba92, type: 3}
      propertyPath: m_Materials.Array.data[0]
      value: 
      objectReference: {fileID: 2100000, guid: f4ffade83c6a008488161c7038572e17, type: 2}
    - target: {fileID: 8635570322768982523, guid: 8300ba75a09fbf340afeb240d20bba92, type: 3}
      propertyPath: m_RootOrder
      value: 3
      objectReference: {fileID: 0}
    - target: {fileID: 8635570322768982523, guid: 8300ba75a09fbf340afeb240d20bba92, type: 3}
      propertyPath: m_LocalScale.x
      value: 1
      objectReference: {fileID: 0}
    - target: {fileID: 8635570322768982523, guid: 8300ba75a09fbf340afeb240d20bba92, type: 3}
      propertyPath: m_LocalScale.y
      value: 1
      objectReference: {fileID: 0}
    - target: {fileID: 8635570322768982523, guid: 8300ba75a09fbf340afeb240d20bba92, type: 3}
      propertyPath: m_LocalScale.z
      value: 0.30000004
      objectReference: {fileID: 0}
    - target: {fileID: 8635570322768982523, guid: 8300ba75a09fbf340afeb240d20bba92, type: 3}
      propertyPath: m_LocalPosition.x
      value: 0.00029281096
      objectReference: {fileID: 0}
    - target: {fileID: 8635570322768982523, guid: 8300ba75a09fbf340afeb240d20bba92, type: 3}
      propertyPath: m_LocalPosition.y
      value: 0
      objectReference: {fileID: 0}
    - target: {fileID: 8635570322768982523, guid: 8300ba75a09fbf340afeb240d20bba92, type: 3}
      propertyPath: m_LocalPosition.z
      value: -0.84399617
      objectReference: {fileID: 0}
    - target: {fileID: 8635570322768982523, guid: 8300ba75a09fbf340afeb240d20bba92, type: 3}
      propertyPath: m_LocalRotation.w
      value: 1
      objectReference: {fileID: 0}
    - target: {fileID: 8635570322768982523, guid: 8300ba75a09fbf340afeb240d20bba92, type: 3}
      propertyPath: m_LocalRotation.x
      value: -0
      objectReference: {fileID: 0}
    - target: {fileID: 8635570322768982523, guid: 8300ba75a09fbf340afeb240d20bba92, type: 3}
      propertyPath: m_LocalRotation.y
      value: -0
      objectReference: {fileID: 0}
    - target: {fileID: 8635570322768982523, guid: 8300ba75a09fbf340afeb240d20bba92, type: 3}
      propertyPath: m_LocalRotation.z
      value: -0
      objectReference: {fileID: 0}
    - target: {fileID: 8635570322768982523, guid: 8300ba75a09fbf340afeb240d20bba92, type: 3}
      propertyPath: m_LocalEulerAnglesHint.x
      value: 90
      objectReference: {fileID: 0}
    - target: {fileID: 8635570322768982523, guid: 8300ba75a09fbf340afeb240d20bba92, type: 3}
      propertyPath: m_LocalEulerAnglesHint.y
      value: 0
      objectReference: {fileID: 0}
    - target: {fileID: 8635570322768982523, guid: 8300ba75a09fbf340afeb240d20bba92, type: 3}
      propertyPath: m_LocalEulerAnglesHint.z
      value: 0
      objectReference: {fileID: 0}
    - target: {fileID: 8979163735645793089, guid: 8300ba75a09fbf340afeb240d20bba92, type: 3}
      propertyPath: m_Name
      value: Book (13)
      objectReference: {fileID: 0}
    m_RemovedComponents: []
  m_SourcePrefab: {fileID: 100100000, guid: 8300ba75a09fbf340afeb240d20bba92, type: 3}
--- !u!4 &7329748644027571053 stripped
Transform:
  m_CorrespondingSourceObject: {fileID: 8635570322768982523, guid: 8300ba75a09fbf340afeb240d20bba92, type: 3}
  m_PrefabInstance: {fileID: 1328503590417263254}
  m_PrefabAsset: {fileID: 0}
--- !u!1001 &1328503590537812859
PrefabInstance:
  m_ObjectHideFlags: 0
  serializedVersion: 2
  m_Modification:
    m_TransformParent: {fileID: 7329748645472307942}
    m_Modifications:
    - target: {fileID: 1145404409961247584, guid: 8300ba75a09fbf340afeb240d20bba92, type: 3}
      propertyPath: m_Materials.Array.data[0]
      value: 
      objectReference: {fileID: 2100000, guid: cf5d9fce9ca6a4641ad9d601563e3ed7, type: 2}
    - target: {fileID: 8635570322768982523, guid: 8300ba75a09fbf340afeb240d20bba92, type: 3}
      propertyPath: m_RootOrder
      value: 2
      objectReference: {fileID: 0}
    - target: {fileID: 8635570322768982523, guid: 8300ba75a09fbf340afeb240d20bba92, type: 3}
      propertyPath: m_LocalScale.x
      value: 1
      objectReference: {fileID: 0}
    - target: {fileID: 8635570322768982523, guid: 8300ba75a09fbf340afeb240d20bba92, type: 3}
      propertyPath: m_LocalScale.y
      value: 1
      objectReference: {fileID: 0}
    - target: {fileID: 8635570322768982523, guid: 8300ba75a09fbf340afeb240d20bba92, type: 3}
      propertyPath: m_LocalScale.z
      value: 0.6000001
      objectReference: {fileID: 0}
    - target: {fileID: 8635570322768982523, guid: 8300ba75a09fbf340afeb240d20bba92, type: 3}
      propertyPath: m_LocalPosition.x
      value: 0
      objectReference: {fileID: 0}
    - target: {fileID: 8635570322768982523, guid: 8300ba75a09fbf340afeb240d20bba92, type: 3}
      propertyPath: m_LocalPosition.y
      value: 0
      objectReference: {fileID: 0}
    - target: {fileID: 8635570322768982523, guid: 8300ba75a09fbf340afeb240d20bba92, type: 3}
      propertyPath: m_LocalPosition.z
      value: -0.5339995
      objectReference: {fileID: 0}
    - target: {fileID: 8635570322768982523, guid: 8300ba75a09fbf340afeb240d20bba92, type: 3}
      propertyPath: m_LocalRotation.w
      value: 1
      objectReference: {fileID: 0}
    - target: {fileID: 8635570322768982523, guid: 8300ba75a09fbf340afeb240d20bba92, type: 3}
      propertyPath: m_LocalRotation.x
      value: -0
      objectReference: {fileID: 0}
    - target: {fileID: 8635570322768982523, guid: 8300ba75a09fbf340afeb240d20bba92, type: 3}
      propertyPath: m_LocalRotation.y
      value: -0
      objectReference: {fileID: 0}
    - target: {fileID: 8635570322768982523, guid: 8300ba75a09fbf340afeb240d20bba92, type: 3}
      propertyPath: m_LocalRotation.z
      value: -0
      objectReference: {fileID: 0}
    - target: {fileID: 8635570322768982523, guid: 8300ba75a09fbf340afeb240d20bba92, type: 3}
      propertyPath: m_LocalEulerAnglesHint.x
      value: 90
      objectReference: {fileID: 0}
    - target: {fileID: 8635570322768982523, guid: 8300ba75a09fbf340afeb240d20bba92, type: 3}
      propertyPath: m_LocalEulerAnglesHint.y
      value: 0
      objectReference: {fileID: 0}
    - target: {fileID: 8635570322768982523, guid: 8300ba75a09fbf340afeb240d20bba92, type: 3}
      propertyPath: m_LocalEulerAnglesHint.z
      value: 0
      objectReference: {fileID: 0}
    - target: {fileID: 8979163735645793089, guid: 8300ba75a09fbf340afeb240d20bba92, type: 3}
      propertyPath: m_Name
      value: Book (12)
      objectReference: {fileID: 0}
    m_RemovedComponents: []
  m_SourcePrefab: {fileID: 100100000, guid: 8300ba75a09fbf340afeb240d20bba92, type: 3}
--- !u!4 &7329748643644877440 stripped
Transform:
  m_CorrespondingSourceObject: {fileID: 8635570322768982523, guid: 8300ba75a09fbf340afeb240d20bba92, type: 3}
  m_PrefabInstance: {fileID: 1328503590537812859}
  m_PrefabAsset: {fileID: 0}
