%YAML 1.1
%TAG !u! tag:unity3d.com,2011:
--- !u!29 &1
OcclusionCullingSettings:
  m_ObjectHideFlags: 0
  serializedVersion: 2
  m_OcclusionBakeSettings:
    smallestOccluder: 5
    smallestHole: 0.25
    backfaceThreshold: 100
  m_SceneGUID: 00000000000000000000000000000000
  m_OcclusionCullingData: {fileID: 0}
--- !u!104 &2
RenderSettings:
  m_ObjectHideFlags: 0
  serializedVersion: 9
  m_Fog: 0
  m_FogColor: {r: 0.5, g: 0.5, b: 0.5, a: 1}
  m_FogMode: 3
  m_FogDensity: 0.01
  m_LinearFogStart: 0
  m_LinearFogEnd: 300
  m_AmbientSkyColor: {r: 0.65800005, g: 0.65800005, b: 0.65800005, a: 1}
  m_AmbientEquatorColor: {r: 0.114, g: 0.125, b: 0.133, a: 1}
  m_AmbientGroundColor: {r: 0.047, g: 0.043, b: 0.035, a: 1}
  m_AmbientIntensity: 1
  m_AmbientMode: 3
  m_SubtractiveShadowColor: {r: 0.42, g: 0.478, b: 0.627, a: 1}
  m_SkyboxMaterial: {fileID: 10304, guid: 0000000000000000f000000000000000, type: 0}
  m_HaloStrength: 0.5
  m_FlareStrength: 1
  m_FlareFadeSpeed: 3
  m_HaloTexture: {fileID: 0}
  m_SpotCookie: {fileID: 10001, guid: 0000000000000000e000000000000000, type: 0}
  m_DefaultReflectionMode: 0
  m_DefaultReflectionResolution: 128
  m_ReflectionBounces: 1
  m_ReflectionIntensity: 1
  m_CustomReflection: {fileID: 0}
  m_Sun: {fileID: 1597653037}
  m_IndirectSpecularColor: {r: 0.4366757, g: 0.48427194, b: 0.5645252, a: 1}
  m_UseRadianceAmbientProbe: 0
--- !u!157 &3
LightmapSettings:
  m_ObjectHideFlags: 0
  serializedVersion: 12
  m_GIWorkflowMode: 1
  m_GISettings:
    serializedVersion: 2
    m_BounceScale: 1
    m_IndirectOutputScale: 1
    m_AlbedoBoost: 1
    m_EnvironmentLightingMode: 0
    m_EnableBakedLightmaps: 1
    m_EnableRealtimeLightmaps: 0
  m_LightmapEditorSettings:
    serializedVersion: 12
    m_Resolution: 2
    m_BakeResolution: 40
    m_AtlasSize: 1024
    m_AO: 0
    m_AOMaxDistance: 1
    m_CompAOExponent: 1
    m_CompAOExponentDirect: 0
    m_ExtractAmbientOcclusion: 0
    m_Padding: 2
    m_LightmapParameters: {fileID: 0}
    m_LightmapsBakeMode: 1
    m_TextureCompression: 1
    m_FinalGather: 0
    m_FinalGatherFiltering: 1
    m_FinalGatherRayCount: 256
    m_ReflectionCompression: 2
    m_MixedBakeMode: 2
    m_BakeBackend: 1
    m_PVRSampling: 1
    m_PVRDirectSampleCount: 32
    m_PVRSampleCount: 500
    m_PVRBounces: 2
    m_PVREnvironmentSampleCount: 500
    m_PVREnvironmentReferencePointCount: 2048
    m_PVRFilteringMode: 2
    m_PVRDenoiserTypeDirect: 0
    m_PVRDenoiserTypeIndirect: 0
    m_PVRDenoiserTypeAO: 0
    m_PVRFilterTypeDirect: 0
    m_PVRFilterTypeIndirect: 0
    m_PVRFilterTypeAO: 0
    m_PVREnvironmentMIS: 0
    m_PVRCulling: 1
    m_PVRFilteringGaussRadiusDirect: 1
    m_PVRFilteringGaussRadiusIndirect: 5
    m_PVRFilteringGaussRadiusAO: 2
    m_PVRFilteringAtrousPositionSigmaDirect: 0.5
    m_PVRFilteringAtrousPositionSigmaIndirect: 2
    m_PVRFilteringAtrousPositionSigmaAO: 1
    m_ExportTrainingData: 0
    m_TrainingDataDestination: TrainingData
    m_LightProbeSampleCountMultiplier: 4
  m_LightingDataAsset: {fileID: 112000000, guid: d3444f24217a7b941bea28d5bbc611eb, type: 2}
  m_LightingSettings: {fileID: 4890085278179872738, guid: 4b8d2289bf152984e8785a30990ce1bc, type: 2}
--- !u!196 &4
NavMeshSettings:
  serializedVersion: 2
  m_ObjectHideFlags: 0
  m_BuildSettings:
    serializedVersion: 2
    agentTypeID: 0
    agentRadius: 0.5
    agentHeight: 2
    agentSlope: 45
    agentClimb: 0.4
    ledgeDropHeight: 0
    maxJumpAcrossDistance: 0
    minRegionArea: 2
    manualCellSize: 0
    cellSize: 0.16666667
    manualTileSize: 0
    tileSize: 256
    accuratePlacement: 0
    maxJobWorkers: 0
    preserveTilesOutsideBounds: 0
    debug:
      m_Flags: 0
  m_NavMeshData: {fileID: 0}
--- !u!114 &7506092 stripped
MonoBehaviour:
  m_CorrespondingSourceObject: {fileID: 4229034882281739401, guid: fead892e8a8643c47a313ae8d92a9c88, type: 3}
  m_PrefabInstance: {fileID: 459556796}
  m_PrefabAsset: {fileID: 0}
  m_GameObject: {fileID: 0}
  m_Enabled: 1
  m_EditorHideFlags: 0
  m_Script: {fileID: 11500000, guid: f59269ddf8074ed2b0c4c889d39202db, type: 3}
  m_Name: 
  m_EditorClassIdentifier: 
--- !u!1001 &138451269
PrefabInstance:
  m_ObjectHideFlags: 0
  serializedVersion: 2
  m_Modification:
    m_TransformParent: {fileID: 4201391384667293688}
    m_Modifications:
    - target: {fileID: 3815048914311046719, guid: 50f40cd0f24000046a67ad83e853c58c, type: 3}
      propertyPath: m_RootOrder
      value: 12
      objectReference: {fileID: 0}
    - target: {fileID: 3815048914311046719, guid: 50f40cd0f24000046a67ad83e853c58c, type: 3}
      propertyPath: m_LocalScale.x
      value: 0.59999996
      objectReference: {fileID: 0}
    - target: {fileID: 3815048914311046719, guid: 50f40cd0f24000046a67ad83e853c58c, type: 3}
      propertyPath: m_LocalScale.y
      value: 0.59999996
      objectReference: {fileID: 0}
    - target: {fileID: 3815048914311046719, guid: 50f40cd0f24000046a67ad83e853c58c, type: 3}
      propertyPath: m_LocalScale.z
      value: 0.59999996
      objectReference: {fileID: 0}
    - target: {fileID: 3815048914311046719, guid: 50f40cd0f24000046a67ad83e853c58c, type: 3}
      propertyPath: m_LocalPosition.x
      value: -4
      objectReference: {fileID: 0}
    - target: {fileID: 3815048914311046719, guid: 50f40cd0f24000046a67ad83e853c58c, type: 3}
      propertyPath: m_LocalPosition.y
      value: -3.66
      objectReference: {fileID: 0}
    - target: {fileID: 3815048914311046719, guid: 50f40cd0f24000046a67ad83e853c58c, type: 3}
      propertyPath: m_LocalPosition.z
      value: 5.73
      objectReference: {fileID: 0}
    - target: {fileID: 3815048914311046719, guid: 50f40cd0f24000046a67ad83e853c58c, type: 3}
      propertyPath: m_LocalRotation.w
      value: 1
      objectReference: {fileID: 0}
    - target: {fileID: 3815048914311046719, guid: 50f40cd0f24000046a67ad83e853c58c, type: 3}
      propertyPath: m_LocalRotation.x
      value: -0
      objectReference: {fileID: 0}
    - target: {fileID: 3815048914311046719, guid: 50f40cd0f24000046a67ad83e853c58c, type: 3}
      propertyPath: m_LocalRotation.y
      value: -0
      objectReference: {fileID: 0}
    - target: {fileID: 3815048914311046719, guid: 50f40cd0f24000046a67ad83e853c58c, type: 3}
      propertyPath: m_LocalRotation.z
      value: -0
      objectReference: {fileID: 0}
    - target: {fileID: 3815048914311046719, guid: 50f40cd0f24000046a67ad83e853c58c, type: 3}
      propertyPath: m_LocalEulerAnglesHint.x
      value: 0
      objectReference: {fileID: 0}
    - target: {fileID: 3815048914311046719, guid: 50f40cd0f24000046a67ad83e853c58c, type: 3}
      propertyPath: m_LocalEulerAnglesHint.y
      value: 0
      objectReference: {fileID: 0}
    - target: {fileID: 3815048914311046719, guid: 50f40cd0f24000046a67ad83e853c58c, type: 3}
      propertyPath: m_LocalEulerAnglesHint.z
      value: 0
      objectReference: {fileID: 0}
    - target: {fileID: 4592007418079067269, guid: 50f40cd0f24000046a67ad83e853c58c, type: 3}
      propertyPath: m_Name
      value: FlaskRoundYellow (2)
      objectReference: {fileID: 0}
    m_RemovedComponents: []
  m_SourcePrefab: {fileID: 100100000, guid: 50f40cd0f24000046a67ad83e853c58c, type: 3}
--- !u!4 &138451270 stripped
Transform:
  m_CorrespondingSourceObject: {fileID: 3815048914311046719, guid: 50f40cd0f24000046a67ad83e853c58c, type: 3}
  m_PrefabInstance: {fileID: 138451269}
  m_PrefabAsset: {fileID: 0}
--- !u!1001 &206570697
PrefabInstance:
  m_ObjectHideFlags: 0
  serializedVersion: 2
  m_Modification:
    m_TransformParent: {fileID: 0}
    m_Modifications:
    - target: {fileID: 5482845564303684952, guid: f0e0b9e680c33d14e9cb993f9c9de595, type: 3}
      propertyPath: m_Name
      value: Goal
      objectReference: {fileID: 0}
    - target: {fileID: 5482845564303684954, guid: f0e0b9e680c33d14e9cb993f9c9de595, type: 3}
      propertyPath: _nextScene
      value: 
      objectReference: {fileID: 102900000, guid: 1d5af858123e7b544a1487e349412484, type: 3}
    - target: {fileID: 5482845564303684954, guid: f0e0b9e680c33d14e9cb993f9c9de595, type: 3}
      propertyPath: NextSceneName
      value: 3_First die
      objectReference: {fileID: 0}
    - target: {fileID: 5482845564303684955, guid: f0e0b9e680c33d14e9cb993f9c9de595, type: 3}
      propertyPath: m_RootOrder
      value: 9
      objectReference: {fileID: 0}
    - target: {fileID: 5482845564303684955, guid: f0e0b9e680c33d14e9cb993f9c9de595, type: 3}
      propertyPath: m_LocalPosition.x
      value: 17
      objectReference: {fileID: 0}
    - target: {fileID: 5482845564303684955, guid: f0e0b9e680c33d14e9cb993f9c9de595, type: 3}
      propertyPath: m_LocalPosition.y
      value: 7
      objectReference: {fileID: 0}
    - target: {fileID: 5482845564303684955, guid: f0e0b9e680c33d14e9cb993f9c9de595, type: 3}
      propertyPath: m_LocalPosition.z
      value: -3
      objectReference: {fileID: 0}
    - target: {fileID: 5482845564303684955, guid: f0e0b9e680c33d14e9cb993f9c9de595, type: 3}
      propertyPath: m_LocalRotation.w
      value: 1
      objectReference: {fileID: 0}
    - target: {fileID: 5482845564303684955, guid: f0e0b9e680c33d14e9cb993f9c9de595, type: 3}
      propertyPath: m_LocalRotation.x
      value: 0
      objectReference: {fileID: 0}
    - target: {fileID: 5482845564303684955, guid: f0e0b9e680c33d14e9cb993f9c9de595, type: 3}
      propertyPath: m_LocalRotation.y
      value: 0
      objectReference: {fileID: 0}
    - target: {fileID: 5482845564303684955, guid: f0e0b9e680c33d14e9cb993f9c9de595, type: 3}
      propertyPath: m_LocalRotation.z
      value: 0
      objectReference: {fileID: 0}
    - target: {fileID: 5482845564303684955, guid: f0e0b9e680c33d14e9cb993f9c9de595, type: 3}
      propertyPath: m_LocalEulerAnglesHint.x
      value: 0
      objectReference: {fileID: 0}
    - target: {fileID: 5482845564303684955, guid: f0e0b9e680c33d14e9cb993f9c9de595, type: 3}
      propertyPath: m_LocalEulerAnglesHint.y
      value: 0
      objectReference: {fileID: 0}
    - target: {fileID: 5482845564303684955, guid: f0e0b9e680c33d14e9cb993f9c9de595, type: 3}
      propertyPath: m_LocalEulerAnglesHint.z
      value: 0
      objectReference: {fileID: 0}
    m_RemovedComponents: []
  m_SourcePrefab: {fileID: 100100000, guid: f0e0b9e680c33d14e9cb993f9c9de595, type: 3}
--- !u!1001 &410193294
PrefabInstance:
  m_ObjectHideFlags: 0
  serializedVersion: 2
  m_Modification:
    m_TransformParent: {fileID: 0}
    m_Modifications:
    - target: {fileID: 3526914626868889032, guid: 062298ab4f0e863478bcde642b309300, type: 3}
      propertyPath: m_RootOrder
      value: 10
      objectReference: {fileID: 0}
    - target: {fileID: 3526914626868889032, guid: 062298ab4f0e863478bcde642b309300, type: 3}
      propertyPath: m_LocalPosition.x
      value: 0
      objectReference: {fileID: 0}
    - target: {fileID: 3526914626868889032, guid: 062298ab4f0e863478bcde642b309300, type: 3}
      propertyPath: m_LocalPosition.y
      value: 0
      objectReference: {fileID: 0}
    - target: {fileID: 3526914626868889032, guid: 062298ab4f0e863478bcde642b309300, type: 3}
      propertyPath: m_LocalPosition.z
      value: -29.53
      objectReference: {fileID: 0}
    - target: {fileID: 3526914626868889032, guid: 062298ab4f0e863478bcde642b309300, type: 3}
      propertyPath: m_LocalRotation.w
      value: 1
      objectReference: {fileID: 0}
    - target: {fileID: 3526914626868889032, guid: 062298ab4f0e863478bcde642b309300, type: 3}
      propertyPath: m_LocalRotation.x
      value: 0
      objectReference: {fileID: 0}
    - target: {fileID: 3526914626868889032, guid: 062298ab4f0e863478bcde642b309300, type: 3}
      propertyPath: m_LocalRotation.y
      value: 0
      objectReference: {fileID: 0}
    - target: {fileID: 3526914626868889032, guid: 062298ab4f0e863478bcde642b309300, type: 3}
      propertyPath: m_LocalRotation.z
      value: 0
      objectReference: {fileID: 0}
    - target: {fileID: 3526914626868889032, guid: 062298ab4f0e863478bcde642b309300, type: 3}
      propertyPath: m_LocalEulerAnglesHint.x
      value: 0
      objectReference: {fileID: 0}
    - target: {fileID: 3526914626868889032, guid: 062298ab4f0e863478bcde642b309300, type: 3}
      propertyPath: m_LocalEulerAnglesHint.y
      value: 0
      objectReference: {fileID: 0}
    - target: {fileID: 3526914626868889032, guid: 062298ab4f0e863478bcde642b309300, type: 3}
      propertyPath: m_LocalEulerAnglesHint.z
      value: 0
      objectReference: {fileID: 0}
    - target: {fileID: 3526914626868889037, guid: 062298ab4f0e863478bcde642b309300, type: 3}
      propertyPath: m_Name
      value: Main Camera
      objectReference: {fileID: 0}
    m_RemovedComponents: []
  m_SourcePrefab: {fileID: 100100000, guid: 062298ab4f0e863478bcde642b309300, type: 3}
--- !u!1001 &459556796
PrefabInstance:
  m_ObjectHideFlags: 0
  serializedVersion: 2
  m_Modification:
    m_TransformParent: {fileID: 0}
    m_Modifications:
    - target: {fileID: 4229034882281739400, guid: fead892e8a8643c47a313ae8d92a9c88, type: 3}
      propertyPath: m_Name
      value: PlayerCat
      objectReference: {fileID: 0}
    - target: {fileID: 4229034882281739402, guid: fead892e8a8643c47a313ae8d92a9c88, type: 3}
      propertyPath: m_RootOrder
      value: 7
      objectReference: {fileID: 0}
    - target: {fileID: 4229034882281739402, guid: fead892e8a8643c47a313ae8d92a9c88, type: 3}
      propertyPath: m_LocalPosition.x
      value: -17
      objectReference: {fileID: 0}
    - target: {fileID: 4229034882281739402, guid: fead892e8a8643c47a313ae8d92a9c88, type: 3}
      propertyPath: m_LocalPosition.y
      value: -10
      objectReference: {fileID: 0}
    - target: {fileID: 4229034882281739402, guid: fead892e8a8643c47a313ae8d92a9c88, type: 3}
      propertyPath: m_LocalPosition.z
      value: -2
      objectReference: {fileID: 0}
    - target: {fileID: 4229034882281739402, guid: fead892e8a8643c47a313ae8d92a9c88, type: 3}
      propertyPath: m_LocalRotation.w
      value: 0.7071068
      objectReference: {fileID: 0}
    - target: {fileID: 4229034882281739402, guid: fead892e8a8643c47a313ae8d92a9c88, type: 3}
      propertyPath: m_LocalRotation.x
      value: 0
      objectReference: {fileID: 0}
    - target: {fileID: 4229034882281739402, guid: fead892e8a8643c47a313ae8d92a9c88, type: 3}
      propertyPath: m_LocalRotation.y
      value: -0.7071068
      objectReference: {fileID: 0}
    - target: {fileID: 4229034882281739402, guid: fead892e8a8643c47a313ae8d92a9c88, type: 3}
      propertyPath: m_LocalRotation.z
      value: 0
      objectReference: {fileID: 0}
    - target: {fileID: 4229034882281739402, guid: fead892e8a8643c47a313ae8d92a9c88, type: 3}
      propertyPath: m_LocalEulerAnglesHint.x
      value: 0
      objectReference: {fileID: 0}
    - target: {fileID: 4229034882281739402, guid: fead892e8a8643c47a313ae8d92a9c88, type: 3}
      propertyPath: m_LocalEulerAnglesHint.y
      value: -90
      objectReference: {fileID: 0}
    - target: {fileID: 4229034882281739402, guid: fead892e8a8643c47a313ae8d92a9c88, type: 3}
      propertyPath: m_LocalEulerAnglesHint.z
      value: 0
      objectReference: {fileID: 0}
    m_RemovedComponents: []
  m_SourcePrefab: {fileID: 100100000, guid: fead892e8a8643c47a313ae8d92a9c88, type: 3}
--- !u!1 &591302870
GameObject:
  m_ObjectHideFlags: 0
  m_CorrespondingSourceObject: {fileID: 0}
  m_PrefabInstance: {fileID: 0}
  m_PrefabAsset: {fileID: 0}
  serializedVersion: 6
  m_Component:
  - component: {fileID: 591302874}
  - component: {fileID: 591302873}
  - component: {fileID: 591302872}
  - component: {fileID: 591302871}
  m_Layer: 0
  m_Name: floor (3)
  m_TagString: wall
  m_Icon: {fileID: 0}
  m_NavMeshLayer: 0
  m_StaticEditorFlags: 0
  m_IsActive: 1
--- !u!65 &591302871
BoxCollider:
  m_ObjectHideFlags: 0
  m_CorrespondingSourceObject: {fileID: 0}
  m_PrefabInstance: {fileID: 0}
  m_PrefabAsset: {fileID: 0}
  m_GameObject: {fileID: 591302870}
  m_Material: {fileID: 0}
  m_IsTrigger: 0
  m_Enabled: 1
  serializedVersion: 2
  m_Size: {x: 1, y: 1, z: 1}
  m_Center: {x: 0, y: 0, z: 0}
--- !u!23 &591302872
MeshRenderer:
  m_ObjectHideFlags: 0
  m_CorrespondingSourceObject: {fileID: 0}
  m_PrefabInstance: {fileID: 0}
  m_PrefabAsset: {fileID: 0}
  m_GameObject: {fileID: 591302870}
  m_Enabled: 1
  m_CastShadows: 1
  m_ReceiveShadows: 1
  m_DynamicOccludee: 1
  m_MotionVectors: 1
  m_LightProbeUsage: 1
  m_ReflectionProbeUsage: 1
  m_RayTracingMode: 2
  m_RayTraceProcedural: 0
  m_RenderingLayerMask: 1
  m_RendererPriority: 0
  m_Materials:
  - {fileID: 2100000, guid: 080f92a49c9a46e4d978970b3c2d2096, type: 2}
  m_StaticBatchInfo:
    firstSubMesh: 0
    subMeshCount: 0
  m_StaticBatchRoot: {fileID: 0}
  m_ProbeAnchor: {fileID: 0}
  m_LightProbeVolumeOverride: {fileID: 0}
  m_ScaleInLightmap: 1
  m_ReceiveGI: 1
  m_PreserveUVs: 0
  m_IgnoreNormalsForChartDetection: 0
  m_ImportantGI: 0
  m_StitchLightmapSeams: 1
  m_SelectedEditorRenderState: 3
  m_MinimumChartSize: 4
  m_AutoUVMaxDistance: 0.5
  m_AutoUVMaxAngle: 89
  m_LightmapParameters: {fileID: 0}
  m_SortingLayerID: 0
  m_SortingLayer: 0
  m_SortingOrder: 0
  m_AdditionalVertexStreams: {fileID: 0}
--- !u!33 &591302873
MeshFilter:
  m_ObjectHideFlags: 0
  m_CorrespondingSourceObject: {fileID: 0}
  m_PrefabInstance: {fileID: 0}
  m_PrefabAsset: {fileID: 0}
  m_GameObject: {fileID: 591302870}
  m_Mesh: {fileID: 10202, guid: 0000000000000000e000000000000000, type: 0}
--- !u!4 &591302874
Transform:
  m_ObjectHideFlags: 0
  m_CorrespondingSourceObject: {fileID: 0}
  m_PrefabInstance: {fileID: 0}
  m_PrefabAsset: {fileID: 0}
  m_GameObject: {fileID: 591302870}
  m_LocalRotation: {x: 0, y: 0, z: 0, w: 1}
  m_LocalPosition: {x: -7, y: -10.060001, z: 1.1}
  m_LocalScale: {x: 8, y: 5, z: 13}
  m_Children: []
  m_Father: {fileID: 0}
  m_RootOrder: 5
  m_LocalEulerAnglesHint: {x: 0, y: 0, z: 0}
--- !u!1001 &947240073
PrefabInstance:
  m_ObjectHideFlags: 0
  serializedVersion: 2
  m_Modification:
    m_TransformParent: {fileID: 4201391384667293688}
    m_Modifications:
    - target: {fileID: 1570322879175338950, guid: 134d44543d6e4f546abb343a48e2ce4b, type: 3}
      propertyPath: m_Materials.Array.data[0]
      value: 
      objectReference: {fileID: 2100000, guid: 380ce2514106ab04e8ded8aa9eea00e3, type: 2}
    - target: {fileID: 7423663420450570891, guid: 134d44543d6e4f546abb343a48e2ce4b, type: 3}
      propertyPath: m_RootOrder
      value: 13
      objectReference: {fileID: 0}
    - target: {fileID: 7423663420450570891, guid: 134d44543d6e4f546abb343a48e2ce4b, type: 3}
      propertyPath: m_LocalScale.x
      value: 0.59999996
      objectReference: {fileID: 0}
    - target: {fileID: 7423663420450570891, guid: 134d44543d6e4f546abb343a48e2ce4b, type: 3}
      propertyPath: m_LocalScale.y
      value: 0.59999996
      objectReference: {fileID: 0}
    - target: {fileID: 7423663420450570891, guid: 134d44543d6e4f546abb343a48e2ce4b, type: 3}
      propertyPath: m_LocalScale.z
      value: 0.59999996
      objectReference: {fileID: 0}
    - target: {fileID: 7423663420450570891, guid: 134d44543d6e4f546abb343a48e2ce4b, type: 3}
      propertyPath: m_LocalPosition.x
      value: -2.71
      objectReference: {fileID: 0}
    - target: {fileID: 7423663420450570891, guid: 134d44543d6e4f546abb343a48e2ce4b, type: 3}
      propertyPath: m_LocalPosition.y
      value: -3.66
      objectReference: {fileID: 0}
    - target: {fileID: 7423663420450570891, guid: 134d44543d6e4f546abb343a48e2ce4b, type: 3}
      propertyPath: m_LocalPosition.z
      value: 5.73
      objectReference: {fileID: 0}
    - target: {fileID: 7423663420450570891, guid: 134d44543d6e4f546abb343a48e2ce4b, type: 3}
      propertyPath: m_LocalRotation.w
      value: 1
      objectReference: {fileID: 0}
    - target: {fileID: 7423663420450570891, guid: 134d44543d6e4f546abb343a48e2ce4b, type: 3}
      propertyPath: m_LocalRotation.x
      value: -0
      objectReference: {fileID: 0}
    - target: {fileID: 7423663420450570891, guid: 134d44543d6e4f546abb343a48e2ce4b, type: 3}
      propertyPath: m_LocalRotation.y
      value: -0
      objectReference: {fileID: 0}
    - target: {fileID: 7423663420450570891, guid: 134d44543d6e4f546abb343a48e2ce4b, type: 3}
      propertyPath: m_LocalRotation.z
      value: -0
      objectReference: {fileID: 0}
    - target: {fileID: 7423663420450570891, guid: 134d44543d6e4f546abb343a48e2ce4b, type: 3}
      propertyPath: m_LocalEulerAnglesHint.x
      value: 0
      objectReference: {fileID: 0}
    - target: {fileID: 7423663420450570891, guid: 134d44543d6e4f546abb343a48e2ce4b, type: 3}
      propertyPath: m_LocalEulerAnglesHint.y
      value: 0
      objectReference: {fileID: 0}
    - target: {fileID: 7423663420450570891, guid: 134d44543d6e4f546abb343a48e2ce4b, type: 3}
      propertyPath: m_LocalEulerAnglesHint.z
      value: 0
      objectReference: {fileID: 0}
    - target: {fileID: 7804164350607153201, guid: 134d44543d6e4f546abb343a48e2ce4b, type: 3}
      propertyPath: m_Name
      value: FlaskRoundBlue (5)
      objectReference: {fileID: 0}
    m_RemovedComponents: []
  m_SourcePrefab: {fileID: 100100000, guid: 134d44543d6e4f546abb343a48e2ce4b, type: 3}
--- !u!4 &947240074 stripped
Transform:
  m_CorrespondingSourceObject: {fileID: 7423663420450570891, guid: 134d44543d6e4f546abb343a48e2ce4b, type: 3}
  m_PrefabInstance: {fileID: 947240073}
  m_PrefabAsset: {fileID: 0}
--- !u!1 &1238974789
GameObject:
  m_ObjectHideFlags: 0
  m_CorrespondingSourceObject: {fileID: 0}
  m_PrefabInstance: {fileID: 0}
  m_PrefabAsset: {fileID: 0}
  serializedVersion: 6
  m_Component:
  - component: {fileID: 1238974793}
  - component: {fileID: 1238974792}
  - component: {fileID: 1238974791}
  - component: {fileID: 1238974790}
  m_Layer: 0
  m_Name: floor (1)
  m_TagString: wall
  m_Icon: {fileID: 0}
  m_NavMeshLayer: 0
  m_StaticEditorFlags: 0
  m_IsActive: 1
--- !u!65 &1238974790
BoxCollider:
  m_ObjectHideFlags: 0
  m_CorrespondingSourceObject: {fileID: 0}
  m_PrefabInstance: {fileID: 0}
  m_PrefabAsset: {fileID: 0}
  m_GameObject: {fileID: 1238974789}
  m_Material: {fileID: 0}
  m_IsTrigger: 0
  m_Enabled: 1
  serializedVersion: 2
  m_Size: {x: 1, y: 1, z: 1}
  m_Center: {x: 0, y: 0, z: 0}
--- !u!23 &1238974791
MeshRenderer:
  m_ObjectHideFlags: 0
  m_CorrespondingSourceObject: {fileID: 0}
  m_PrefabInstance: {fileID: 0}
  m_PrefabAsset: {fileID: 0}
  m_GameObject: {fileID: 1238974789}
  m_Enabled: 1
  m_CastShadows: 1
  m_ReceiveShadows: 1
  m_DynamicOccludee: 1
  m_MotionVectors: 1
  m_LightProbeUsage: 1
  m_ReflectionProbeUsage: 1
  m_RayTracingMode: 2
  m_RayTraceProcedural: 0
  m_RenderingLayerMask: 1
  m_RendererPriority: 0
  m_Materials:
  - {fileID: 2100000, guid: 080f92a49c9a46e4d978970b3c2d2096, type: 2}
  m_StaticBatchInfo:
    firstSubMesh: 0
    subMeshCount: 0
  m_StaticBatchRoot: {fileID: 0}
  m_ProbeAnchor: {fileID: 0}
  m_LightProbeVolumeOverride: {fileID: 0}
  m_ScaleInLightmap: 1
  m_ReceiveGI: 1
  m_PreserveUVs: 0
  m_IgnoreNormalsForChartDetection: 0
  m_ImportantGI: 0
  m_StitchLightmapSeams: 1
  m_SelectedEditorRenderState: 3
  m_MinimumChartSize: 4
  m_AutoUVMaxDistance: 0.5
  m_AutoUVMaxAngle: 89
  m_LightmapParameters: {fileID: 0}
  m_SortingLayerID: 0
  m_SortingLayer: 0
  m_SortingOrder: 0
  m_AdditionalVertexStreams: {fileID: 0}
--- !u!33 &1238974792
MeshFilter:
  m_ObjectHideFlags: 0
  m_CorrespondingSourceObject: {fileID: 0}
  m_PrefabInstance: {fileID: 0}
  m_PrefabAsset: {fileID: 0}
  m_GameObject: {fileID: 1238974789}
  m_Mesh: {fileID: 10202, guid: 0000000000000000e000000000000000, type: 0}
--- !u!4 &1238974793
Transform:
  m_ObjectHideFlags: 0
  m_CorrespondingSourceObject: {fileID: 0}
  m_PrefabInstance: {fileID: 0}
  m_PrefabAsset: {fileID: 0}
  m_GameObject: {fileID: 1238974789}
  m_LocalRotation: {x: 0, y: 0, z: 0, w: 1}
  m_LocalPosition: {x: 9, y: -6.0600004, z: 1.1}
  m_LocalScale: {x: 8, y: 13, z: 13}
  m_Children: []
  m_Father: {fileID: 0}
  m_RootOrder: 3
  m_LocalEulerAnglesHint: {x: 0, y: 0, z: 0}
--- !u!1001 &1305227349
PrefabInstance:
  m_ObjectHideFlags: 0
  serializedVersion: 2
  m_Modification:
    m_TransformParent: {fileID: 4201391384667293688}
    m_Modifications:
    - target: {fileID: 132608177178562807, guid: 70931604c15537144886c2d60e5cf395, type: 3}
      propertyPath: m_Materials.Array.data[0]
      value: 
      objectReference: {fileID: 2100000, guid: d11cf291baa982e43a05110442ca8b12, type: 2}
    - target: {fileID: 438775401026383610, guid: 70931604c15537144886c2d60e5cf395, type: 3}
      propertyPath: m_Name
      value: FlaskCylinderCyan (1)
      objectReference: {fileID: 0}
    - target: {fileID: 962933916462429248, guid: 70931604c15537144886c2d60e5cf395, type: 3}
      propertyPath: m_RootOrder
      value: 11
      objectReference: {fileID: 0}
    - target: {fileID: 962933916462429248, guid: 70931604c15537144886c2d60e5cf395, type: 3}
      propertyPath: m_LocalScale.x
      value: 0.5
      objectReference: {fileID: 0}
    - target: {fileID: 962933916462429248, guid: 70931604c15537144886c2d60e5cf395, type: 3}
      propertyPath: m_LocalScale.y
      value: 0.5
      objectReference: {fileID: 0}
    - target: {fileID: 962933916462429248, guid: 70931604c15537144886c2d60e5cf395, type: 3}
      propertyPath: m_LocalScale.z
      value: 0.5
      objectReference: {fileID: 0}
    - target: {fileID: 962933916462429248, guid: 70931604c15537144886c2d60e5cf395, type: 3}
      propertyPath: m_LocalPosition.x
      value: 8.66
      objectReference: {fileID: 0}
    - target: {fileID: 962933916462429248, guid: 70931604c15537144886c2d60e5cf395, type: 3}
      propertyPath: m_LocalPosition.y
      value: -7.66
      objectReference: {fileID: 0}
    - target: {fileID: 962933916462429248, guid: 70931604c15537144886c2d60e5cf395, type: 3}
      propertyPath: m_LocalPosition.z
      value: 5.73
      objectReference: {fileID: 0}
    - target: {fileID: 962933916462429248, guid: 70931604c15537144886c2d60e5cf395, type: 3}
      propertyPath: m_LocalRotation.w
      value: 1
      objectReference: {fileID: 0}
    - target: {fileID: 962933916462429248, guid: 70931604c15537144886c2d60e5cf395, type: 3}
      propertyPath: m_LocalRotation.x
      value: -0
      objectReference: {fileID: 0}
    - target: {fileID: 962933916462429248, guid: 70931604c15537144886c2d60e5cf395, type: 3}
      propertyPath: m_LocalRotation.y
      value: -0
      objectReference: {fileID: 0}
    - target: {fileID: 962933916462429248, guid: 70931604c15537144886c2d60e5cf395, type: 3}
      propertyPath: m_LocalRotation.z
      value: -0
      objectReference: {fileID: 0}
    - target: {fileID: 962933916462429248, guid: 70931604c15537144886c2d60e5cf395, type: 3}
      propertyPath: m_LocalEulerAnglesHint.x
      value: 0
      objectReference: {fileID: 0}
    - target: {fileID: 962933916462429248, guid: 70931604c15537144886c2d60e5cf395, type: 3}
      propertyPath: m_LocalEulerAnglesHint.y
      value: 0
      objectReference: {fileID: 0}
    - target: {fileID: 962933916462429248, guid: 70931604c15537144886c2d60e5cf395, type: 3}
      propertyPath: m_LocalEulerAnglesHint.z
      value: 0
      objectReference: {fileID: 0}
    m_RemovedComponents: []
  m_SourcePrefab: {fileID: 100100000, guid: 70931604c15537144886c2d60e5cf395, type: 3}
--- !u!4 &1305227350 stripped
Transform:
  m_CorrespondingSourceObject: {fileID: 962933916462429248, guid: 70931604c15537144886c2d60e5cf395, type: 3}
  m_PrefabInstance: {fileID: 1305227349}
  m_PrefabAsset: {fileID: 0}
--- !u!1 &1415706350
GameObject:
  m_ObjectHideFlags: 0
  m_CorrespondingSourceObject: {fileID: 0}
  m_PrefabInstance: {fileID: 0}
  m_PrefabAsset: {fileID: 0}
  serializedVersion: 6
  m_Component:
  - component: {fileID: 1415706354}
  - component: {fileID: 1415706353}
  - component: {fileID: 1415706352}
  - component: {fileID: 1415706351}
  m_Layer: 0
  m_Name: floor
  m_TagString: wall
  m_Icon: {fileID: 0}
  m_NavMeshLayer: 0
  m_StaticEditorFlags: 0
  m_IsActive: 1
--- !u!65 &1415706351
BoxCollider:
  m_ObjectHideFlags: 0
  m_CorrespondingSourceObject: {fileID: 0}
  m_PrefabInstance: {fileID: 0}
  m_PrefabAsset: {fileID: 0}
  m_GameObject: {fileID: 1415706350}
  m_Material: {fileID: 0}
  m_IsTrigger: 0
  m_Enabled: 1
  serializedVersion: 2
  m_Size: {x: 1, y: 1, z: 1}
  m_Center: {x: 0, y: 0, z: 0}
--- !u!23 &1415706352
MeshRenderer:
  m_ObjectHideFlags: 0
  m_CorrespondingSourceObject: {fileID: 0}
  m_PrefabInstance: {fileID: 0}
  m_PrefabAsset: {fileID: 0}
  m_GameObject: {fileID: 1415706350}
  m_Enabled: 1
  m_CastShadows: 1
  m_ReceiveShadows: 1
  m_DynamicOccludee: 1
  m_MotionVectors: 1
  m_LightProbeUsage: 1
  m_ReflectionProbeUsage: 1
  m_RayTracingMode: 2
  m_RayTraceProcedural: 0
  m_RenderingLayerMask: 1
  m_RendererPriority: 0
  m_Materials:
  - {fileID: 2100000, guid: 080f92a49c9a46e4d978970b3c2d2096, type: 2}
  m_StaticBatchInfo:
    firstSubMesh: 0
    subMeshCount: 0
  m_StaticBatchRoot: {fileID: 0}
  m_ProbeAnchor: {fileID: 0}
  m_LightProbeVolumeOverride: {fileID: 0}
  m_ScaleInLightmap: 1
  m_ReceiveGI: 1
  m_PreserveUVs: 0
  m_IgnoreNormalsForChartDetection: 0
  m_ImportantGI: 0
  m_StitchLightmapSeams: 1
  m_SelectedEditorRenderState: 3
  m_MinimumChartSize: 4
  m_AutoUVMaxDistance: 0.5
  m_AutoUVMaxAngle: 89
  m_LightmapParameters: {fileID: 0}
  m_SortingLayerID: 0
  m_SortingLayer: 0
  m_SortingOrder: 0
  m_AdditionalVertexStreams: {fileID: 0}
--- !u!33 &1415706353
MeshFilter:
  m_ObjectHideFlags: 0
  m_CorrespondingSourceObject: {fileID: 0}
  m_PrefabInstance: {fileID: 0}
  m_PrefabAsset: {fileID: 0}
  m_GameObject: {fileID: 1415706350}
  m_Mesh: {fileID: 10202, guid: 0000000000000000e000000000000000, type: 0}
--- !u!4 &1415706354
Transform:
  m_ObjectHideFlags: 0
  m_CorrespondingSourceObject: {fileID: 0}
  m_PrefabInstance: {fileID: 0}
  m_PrefabAsset: {fileID: 0}
  m_GameObject: {fileID: 1415706350}
  m_LocalRotation: {x: 0, y: 0, z: 0, w: 1}
  m_LocalPosition: {x: 17, y: -4.0600004, z: 1.1}
  m_LocalScale: {x: 8, y: 17, z: 13}
  m_Children: []
  m_Father: {fileID: 0}
  m_RootOrder: 1
  m_LocalEulerAnglesHint: {x: 0, y: 0, z: 0}
--- !u!1 &1434058949
GameObject:
  m_ObjectHideFlags: 0
  m_CorrespondingSourceObject: {fileID: 0}
  m_PrefabInstance: {fileID: 0}
  m_PrefabAsset: {fileID: 0}
  serializedVersion: 6
  m_Component:
  - component: {fileID: 1434058953}
  - component: {fileID: 1434058952}
  - component: {fileID: 1434058951}
  - component: {fileID: 1434058950}
  m_Layer: 0
  m_Name: floor (2)
  m_TagString: wall
  m_Icon: {fileID: 0}
  m_NavMeshLayer: 0
  m_StaticEditorFlags: 0
  m_IsActive: 1
--- !u!65 &1434058950
BoxCollider:
  m_ObjectHideFlags: 0
  m_CorrespondingSourceObject: {fileID: 0}
  m_PrefabInstance: {fileID: 0}
  m_PrefabAsset: {fileID: 0}
  m_GameObject: {fileID: 1434058949}
  m_Material: {fileID: 0}
  m_IsTrigger: 0
  m_Enabled: 1
  serializedVersion: 2
  m_Size: {x: 1, y: 1, z: 1}
  m_Center: {x: 0, y: 0, z: 0}
--- !u!23 &1434058951
MeshRenderer:
  m_ObjectHideFlags: 0
  m_CorrespondingSourceObject: {fileID: 0}
  m_PrefabInstance: {fileID: 0}
  m_PrefabAsset: {fileID: 0}
  m_GameObject: {fileID: 1434058949}
  m_Enabled: 1
  m_CastShadows: 1
  m_ReceiveShadows: 1
  m_DynamicOccludee: 1
  m_MotionVectors: 1
  m_LightProbeUsage: 1
  m_ReflectionProbeUsage: 1
  m_RayTracingMode: 2
  m_RayTraceProcedural: 0
  m_RenderingLayerMask: 1
  m_RendererPriority: 0
  m_Materials:
  - {fileID: 2100000, guid: 080f92a49c9a46e4d978970b3c2d2096, type: 2}
  m_StaticBatchInfo:
    firstSubMesh: 0
    subMeshCount: 0
  m_StaticBatchRoot: {fileID: 0}
  m_ProbeAnchor: {fileID: 0}
  m_LightProbeVolumeOverride: {fileID: 0}
  m_ScaleInLightmap: 1
  m_ReceiveGI: 1
  m_PreserveUVs: 0
  m_IgnoreNormalsForChartDetection: 0
  m_ImportantGI: 0
  m_StitchLightmapSeams: 1
  m_SelectedEditorRenderState: 3
  m_MinimumChartSize: 4
  m_AutoUVMaxDistance: 0.5
  m_AutoUVMaxAngle: 89
  m_LightmapParameters: {fileID: 0}
  m_SortingLayerID: 0
  m_SortingLayer: 0
  m_SortingOrder: 0
  m_AdditionalVertexStreams: {fileID: 0}
--- !u!33 &1434058952
MeshFilter:
  m_ObjectHideFlags: 0
  m_CorrespondingSourceObject: {fileID: 0}
  m_PrefabInstance: {fileID: 0}
  m_PrefabAsset: {fileID: 0}
  m_GameObject: {fileID: 1434058949}
  m_Mesh: {fileID: 10202, guid: 0000000000000000e000000000000000, type: 0}
--- !u!4 &1434058953
Transform:
  m_ObjectHideFlags: 0
  m_CorrespondingSourceObject: {fileID: 0}
  m_PrefabInstance: {fileID: 0}
  m_PrefabAsset: {fileID: 0}
  m_GameObject: {fileID: 1434058949}
  m_LocalRotation: {x: 0, y: 0, z: 0, w: 1}
  m_LocalPosition: {x: 1, y: -8.06, z: 1.1}
  m_LocalScale: {x: 8, y: 9, z: 13}
  m_Children: []
  m_Father: {fileID: 0}
  m_RootOrder: 4
  m_LocalEulerAnglesHint: {x: 0, y: 0, z: 0}
--- !u!1001 &1597653036
PrefabInstance:
  m_ObjectHideFlags: 0
  serializedVersion: 2
  m_Modification:
    m_TransformParent: {fileID: 0}
    m_Modifications:
    - target: {fileID: 3127814932526071839, guid: 05c47bcd6b92ffb449576184746de134, type: 3}
      propertyPath: m_RootOrder
      value: 12
      objectReference: {fileID: 0}
    - target: {fileID: 3127814932526071839, guid: 05c47bcd6b92ffb449576184746de134, type: 3}
      propertyPath: m_LocalPosition.x
      value: -6
      objectReference: {fileID: 0}
    - target: {fileID: 3127814932526071839, guid: 05c47bcd6b92ffb449576184746de134, type: 3}
      propertyPath: m_LocalPosition.y
      value: 0.5
      objectReference: {fileID: 0}
    - target: {fileID: 3127814932526071839, guid: 05c47bcd6b92ffb449576184746de134, type: 3}
      propertyPath: m_LocalPosition.z
      value: 2.37
      objectReference: {fileID: 0}
    - target: {fileID: 3127814932526071839, guid: 05c47bcd6b92ffb449576184746de134, type: 3}
      propertyPath: m_LocalRotation.w
      value: 1
      objectReference: {fileID: 0}
    - target: {fileID: 3127814932526071839, guid: 05c47bcd6b92ffb449576184746de134, type: 3}
      propertyPath: m_LocalRotation.x
      value: 0
      objectReference: {fileID: 0}
    - target: {fileID: 3127814932526071839, guid: 05c47bcd6b92ffb449576184746de134, type: 3}
      propertyPath: m_LocalRotation.y
      value: 0
      objectReference: {fileID: 0}
    - target: {fileID: 3127814932526071839, guid: 05c47bcd6b92ffb449576184746de134, type: 3}
      propertyPath: m_LocalRotation.z
      value: 0
      objectReference: {fileID: 0}
    - target: {fileID: 3127814932526071839, guid: 05c47bcd6b92ffb449576184746de134, type: 3}
      propertyPath: m_LocalEulerAnglesHint.x
      value: 0
      objectReference: {fileID: 0}
    - target: {fileID: 3127814932526071839, guid: 05c47bcd6b92ffb449576184746de134, type: 3}
      propertyPath: m_LocalEulerAnglesHint.y
      value: 0
      objectReference: {fileID: 0}
    - target: {fileID: 3127814932526071839, guid: 05c47bcd6b92ffb449576184746de134, type: 3}
      propertyPath: m_LocalEulerAnglesHint.z
      value: 0
      objectReference: {fileID: 0}
    - target: {fileID: 9146101267013347890, guid: 05c47bcd6b92ffb449576184746de134, type: 3}
      propertyPath: m_Name
      value: Light
      objectReference: {fileID: 0}
    m_RemovedComponents: []
  m_SourcePrefab: {fileID: 100100000, guid: 05c47bcd6b92ffb449576184746de134, type: 3}
--- !u!108 &1597653037 stripped
Light:
  m_CorrespondingSourceObject: {fileID: 970687967829291016, guid: 05c47bcd6b92ffb449576184746de134, type: 3}
  m_PrefabInstance: {fileID: 1597653036}
  m_PrefabAsset: {fileID: 0}
--- !u!1001 &1643505411
PrefabInstance:
  m_ObjectHideFlags: 0
  serializedVersion: 2
  m_Modification:
    m_TransformParent: {fileID: 4201391384667293688}
    m_Modifications:
    - target: {fileID: 17765660326919251, guid: 218722cd5bd296c4fbbe61a93247eb97, type: 3}
      propertyPath: m_RootOrder
      value: 14
      objectReference: {fileID: 0}
    - target: {fileID: 17765660326919251, guid: 218722cd5bd296c4fbbe61a93247eb97, type: 3}
      propertyPath: m_LocalScale.x
      value: 0.5
      objectReference: {fileID: 0}
    - target: {fileID: 17765660326919251, guid: 218722cd5bd296c4fbbe61a93247eb97, type: 3}
      propertyPath: m_LocalScale.y
      value: 0.5
      objectReference: {fileID: 0}
    - target: {fileID: 17765660326919251, guid: 218722cd5bd296c4fbbe61a93247eb97, type: 3}
      propertyPath: m_LocalScale.z
      value: 0.5
      objectReference: {fileID: 0}
    - target: {fileID: 17765660326919251, guid: 218722cd5bd296c4fbbe61a93247eb97, type: 3}
      propertyPath: m_LocalPosition.x
      value: -6.569804
      objectReference: {fileID: 0}
    - target: {fileID: 17765660326919251, guid: 218722cd5bd296c4fbbe61a93247eb97, type: 3}
      propertyPath: m_LocalPosition.y
      value: 0.29
      objectReference: {fileID: 0}
    - target: {fileID: 17765660326919251, guid: 218722cd5bd296c4fbbe61a93247eb97, type: 3}
      propertyPath: m_LocalPosition.z
      value: 5.197471
      objectReference: {fileID: 0}
    - target: {fileID: 17765660326919251, guid: 218722cd5bd296c4fbbe61a93247eb97, type: 3}
      propertyPath: m_LocalRotation.w
      value: 1
      objectReference: {fileID: 0}
    - target: {fileID: 17765660326919251, guid: 218722cd5bd296c4fbbe61a93247eb97, type: 3}
      propertyPath: m_LocalRotation.x
      value: -0
      objectReference: {fileID: 0}
    - target: {fileID: 17765660326919251, guid: 218722cd5bd296c4fbbe61a93247eb97, type: 3}
      propertyPath: m_LocalRotation.y
      value: -0
      objectReference: {fileID: 0}
    - target: {fileID: 17765660326919251, guid: 218722cd5bd296c4fbbe61a93247eb97, type: 3}
      propertyPath: m_LocalRotation.z
      value: -0
      objectReference: {fileID: 0}
    - target: {fileID: 17765660326919251, guid: 218722cd5bd296c4fbbe61a93247eb97, type: 3}
      propertyPath: m_LocalEulerAnglesHint.x
      value: 0
      objectReference: {fileID: 0}
    - target: {fileID: 17765660326919251, guid: 218722cd5bd296c4fbbe61a93247eb97, type: 3}
      propertyPath: m_LocalEulerAnglesHint.y
      value: 0
      objectReference: {fileID: 0}
    - target: {fileID: 17765660326919251, guid: 218722cd5bd296c4fbbe61a93247eb97, type: 3}
      propertyPath: m_LocalEulerAnglesHint.z
      value: 0
      objectReference: {fileID: 0}
    - target: {fileID: 825510489991423721, guid: 218722cd5bd296c4fbbe61a93247eb97, type: 3}
      propertyPath: m_Name
      value: TubeCollection (1)
      objectReference: {fileID: 0}
    - target: {fileID: 4104267513047825093, guid: 218722cd5bd296c4fbbe61a93247eb97, type: 3}
      propertyPath: m_Materials.Array.data[0]
      value: 
      objectReference: {fileID: 2100000, guid: 8a04859fb2fb3a74bb025367ae82c6e9, type: 2}
    - target: {fileID: 7486980000048681329, guid: 218722cd5bd296c4fbbe61a93247eb97, type: 3}
      propertyPath: m_Materials.Array.data[0]
      value: 
      objectReference: {fileID: 2100000, guid: 8a04859fb2fb3a74bb025367ae82c6e9, type: 2}
    - target: {fileID: 7705998920883060249, guid: 218722cd5bd296c4fbbe61a93247eb97, type: 3}
      propertyPath: m_Materials.Array.data[0]
      value: 
      objectReference: {fileID: 2100000, guid: c8077dd98a3b1c64a8323d55511b7d54, type: 2}
    - target: {fileID: 8861027422678063074, guid: 218722cd5bd296c4fbbe61a93247eb97, type: 3}
      propertyPath: m_Materials.Array.data[0]
      value: 
      objectReference: {fileID: 2100000, guid: fb60f342e50425546abc095e1665f247, type: 2}
    m_RemovedComponents: []
  m_SourcePrefab: {fileID: 100100000, guid: 218722cd5bd296c4fbbe61a93247eb97, type: 3}
--- !u!4 &1643505412 stripped
Transform:
  m_CorrespondingSourceObject: {fileID: 17765660326919251, guid: 218722cd5bd296c4fbbe61a93247eb97, type: 3}
  m_PrefabInstance: {fileID: 1643505411}
  m_PrefabAsset: {fileID: 0}
--- !u!1001 &1682959761
PrefabInstance:
  m_ObjectHideFlags: 0
  serializedVersion: 2
  m_Modification:
    m_TransformParent: {fileID: 4201391384667293688}
    m_Modifications:
    - target: {fileID: 3632118214088308422, guid: 5618cb93388755644982d4dd420d44e6, type: 3}
      propertyPath: m_Name
      value: FlaskConeGreen (1)
      objectReference: {fileID: 0}
    - target: {fileID: 4119721536527920252, guid: 5618cb93388755644982d4dd420d44e6, type: 3}
      propertyPath: m_RootOrder
      value: 13
      objectReference: {fileID: 0}
    - target: {fileID: 4119721536527920252, guid: 5618cb93388755644982d4dd420d44e6, type: 3}
      propertyPath: m_LocalScale.x
      value: 0.5
      objectReference: {fileID: 0}
    - target: {fileID: 4119721536527920252, guid: 5618cb93388755644982d4dd420d44e6, type: 3}
      propertyPath: m_LocalScale.y
      value: 0.5
      objectReference: {fileID: 0}
    - target: {fileID: 4119721536527920252, guid: 5618cb93388755644982d4dd420d44e6, type: 3}
      propertyPath: m_LocalScale.z
      value: 0.5
      objectReference: {fileID: 0}
    - target: {fileID: 4119721536527920252, guid: 5618cb93388755644982d4dd420d44e6, type: 3}
      propertyPath: m_LocalPosition.x
      value: 7.21
      objectReference: {fileID: 0}
    - target: {fileID: 4119721536527920252, guid: 5618cb93388755644982d4dd420d44e6, type: 3}
      propertyPath: m_LocalPosition.y
      value: -7.59
      objectReference: {fileID: 0}
    - target: {fileID: 4119721536527920252, guid: 5618cb93388755644982d4dd420d44e6, type: 3}
      propertyPath: m_LocalPosition.z
      value: 5.73
      objectReference: {fileID: 0}
    - target: {fileID: 4119721536527920252, guid: 5618cb93388755644982d4dd420d44e6, type: 3}
      propertyPath: m_LocalRotation.w
      value: 1
      objectReference: {fileID: 0}
    - target: {fileID: 4119721536527920252, guid: 5618cb93388755644982d4dd420d44e6, type: 3}
      propertyPath: m_LocalRotation.x
      value: -0
      objectReference: {fileID: 0}
    - target: {fileID: 4119721536527920252, guid: 5618cb93388755644982d4dd420d44e6, type: 3}
      propertyPath: m_LocalRotation.y
      value: -0
      objectReference: {fileID: 0}
    - target: {fileID: 4119721536527920252, guid: 5618cb93388755644982d4dd420d44e6, type: 3}
      propertyPath: m_LocalRotation.z
      value: -0
      objectReference: {fileID: 0}
    - target: {fileID: 4119721536527920252, guid: 5618cb93388755644982d4dd420d44e6, type: 3}
      propertyPath: m_LocalEulerAnglesHint.x
      value: 0
      objectReference: {fileID: 0}
    - target: {fileID: 4119721536527920252, guid: 5618cb93388755644982d4dd420d44e6, type: 3}
      propertyPath: m_LocalEulerAnglesHint.y
      value: 0
      objectReference: {fileID: 0}
    - target: {fileID: 4119721536527920252, guid: 5618cb93388755644982d4dd420d44e6, type: 3}
      propertyPath: m_LocalEulerAnglesHint.z
      value: 0
      objectReference: {fileID: 0}
    - target: {fileID: 5064711280000587026, guid: 5618cb93388755644982d4dd420d44e6, type: 3}
      propertyPath: m_Materials.Array.data[0]
      value: 
      objectReference: {fileID: 2100000, guid: 8a04859fb2fb3a74bb025367ae82c6e9, type: 2}
    m_RemovedComponents: []
  m_SourcePrefab: {fileID: 100100000, guid: 5618cb93388755644982d4dd420d44e6, type: 3}
--- !u!4 &1682959762 stripped
Transform:
  m_CorrespondingSourceObject: {fileID: 4119721536527920252, guid: 5618cb93388755644982d4dd420d44e6, type: 3}
  m_PrefabInstance: {fileID: 1682959761}
  m_PrefabAsset: {fileID: 0}
--- !u!1001 &1793502903
PrefabInstance:
  m_ObjectHideFlags: 0
  serializedVersion: 2
  m_Modification:
    m_TransformParent: {fileID: 0}
    m_Modifications:
    - target: {fileID: 7620484701567517997, guid: cf1f28f81615bab4f86eabf12586b964, type: 3}
      propertyPath: m_Name
      value: Game (1)
      objectReference: {fileID: 0}
    - target: {fileID: 7620484701567517998, guid: cf1f28f81615bab4f86eabf12586b964, type: 3}
      propertyPath: _enemy
      value: 
      objectReference: {fileID: 1880581290}
    - target: {fileID: 7620484701567517998, guid: cf1f28f81615bab4f86eabf12586b964, type: 3}
      propertyPath: _player
      value: 
      objectReference: {fileID: 7506092}
    - target: {fileID: 7620484701567517999, guid: cf1f28f81615bab4f86eabf12586b964, type: 3}
      propertyPath: m_RootOrder
      value: 6
      objectReference: {fileID: 0}
    - target: {fileID: 7620484701567517999, guid: cf1f28f81615bab4f86eabf12586b964, type: 3}
      propertyPath: m_LocalPosition.x
      value: 4.5222087
      objectReference: {fileID: 0}
    - target: {fileID: 7620484701567517999, guid: cf1f28f81615bab4f86eabf12586b964, type: 3}
      propertyPath: m_LocalPosition.y
      value: -0.15244621
      objectReference: {fileID: 0}
    - target: {fileID: 7620484701567517999, guid: cf1f28f81615bab4f86eabf12586b964, type: 3}
      propertyPath: m_LocalPosition.z
      value: -2.5748913
      objectReference: {fileID: 0}
    - target: {fileID: 7620484701567517999, guid: cf1f28f81615bab4f86eabf12586b964, type: 3}
      propertyPath: m_LocalRotation.w
      value: 1
      objectReference: {fileID: 0}
    - target: {fileID: 7620484701567517999, guid: cf1f28f81615bab4f86eabf12586b964, type: 3}
      propertyPath: m_LocalRotation.x
      value: 0
      objectReference: {fileID: 0}
    - target: {fileID: 7620484701567517999, guid: cf1f28f81615bab4f86eabf12586b964, type: 3}
      propertyPath: m_LocalRotation.y
      value: 0
      objectReference: {fileID: 0}
    - target: {fileID: 7620484701567517999, guid: cf1f28f81615bab4f86eabf12586b964, type: 3}
      propertyPath: m_LocalRotation.z
      value: 0
      objectReference: {fileID: 0}
    - target: {fileID: 7620484701567517999, guid: cf1f28f81615bab4f86eabf12586b964, type: 3}
      propertyPath: m_LocalEulerAnglesHint.x
      value: 0
      objectReference: {fileID: 0}
    - target: {fileID: 7620484701567517999, guid: cf1f28f81615bab4f86eabf12586b964, type: 3}
      propertyPath: m_LocalEulerAnglesHint.y
      value: 0
      objectReference: {fileID: 0}
    - target: {fileID: 7620484701567517999, guid: cf1f28f81615bab4f86eabf12586b964, type: 3}
      propertyPath: m_LocalEulerAnglesHint.z
      value: 0
      objectReference: {fileID: 0}
    m_RemovedComponents: []
  m_SourcePrefab: {fileID: 100100000, guid: cf1f28f81615bab4f86eabf12586b964, type: 3}
--- !u!1001 &1860649445
PrefabInstance:
  m_ObjectHideFlags: 0
  serializedVersion: 2
  m_Modification:
    m_TransformParent: {fileID: 4201391384667293688}
    m_Modifications:
    - target: {fileID: 7423663420450570891, guid: 134d44543d6e4f546abb343a48e2ce4b, type: 3}
      propertyPath: m_RootOrder
      value: 12
      objectReference: {fileID: 0}
    - target: {fileID: 7423663420450570891, guid: 134d44543d6e4f546abb343a48e2ce4b, type: 3}
      propertyPath: m_LocalScale.x
      value: 0.59999996
      objectReference: {fileID: 0}
    - target: {fileID: 7423663420450570891, guid: 134d44543d6e4f546abb343a48e2ce4b, type: 3}
      propertyPath: m_LocalScale.y
      value: 0.59999996
      objectReference: {fileID: 0}
    - target: {fileID: 7423663420450570891, guid: 134d44543d6e4f546abb343a48e2ce4b, type: 3}
      propertyPath: m_LocalScale.z
      value: 0.59999996
      objectReference: {fileID: 0}
    - target: {fileID: 7423663420450570891, guid: 134d44543d6e4f546abb343a48e2ce4b, type: 3}
      propertyPath: m_LocalPosition.x
      value: 10.12
      objectReference: {fileID: 0}
    - target: {fileID: 7423663420450570891, guid: 134d44543d6e4f546abb343a48e2ce4b, type: 3}
      propertyPath: m_LocalPosition.y
      value: -7.66
      objectReference: {fileID: 0}
    - target: {fileID: 7423663420450570891, guid: 134d44543d6e4f546abb343a48e2ce4b, type: 3}
      propertyPath: m_LocalPosition.z
      value: 5.73
      objectReference: {fileID: 0}
    - target: {fileID: 7423663420450570891, guid: 134d44543d6e4f546abb343a48e2ce4b, type: 3}
      propertyPath: m_LocalRotation.w
      value: 1
      objectReference: {fileID: 0}
    - target: {fileID: 7423663420450570891, guid: 134d44543d6e4f546abb343a48e2ce4b, type: 3}
      propertyPath: m_LocalRotation.x
      value: -0
      objectReference: {fileID: 0}
    - target: {fileID: 7423663420450570891, guid: 134d44543d6e4f546abb343a48e2ce4b, type: 3}
      propertyPath: m_LocalRotation.y
      value: -0
      objectReference: {fileID: 0}
    - target: {fileID: 7423663420450570891, guid: 134d44543d6e4f546abb343a48e2ce4b, type: 3}
      propertyPath: m_LocalRotation.z
      value: -0
      objectReference: {fileID: 0}
    - target: {fileID: 7423663420450570891, guid: 134d44543d6e4f546abb343a48e2ce4b, type: 3}
      propertyPath: m_LocalEulerAnglesHint.x
      value: 0
      objectReference: {fileID: 0}
    - target: {fileID: 7423663420450570891, guid: 134d44543d6e4f546abb343a48e2ce4b, type: 3}
      propertyPath: m_LocalEulerAnglesHint.y
      value: 0
      objectReference: {fileID: 0}
    - target: {fileID: 7423663420450570891, guid: 134d44543d6e4f546abb343a48e2ce4b, type: 3}
      propertyPath: m_LocalEulerAnglesHint.z
      value: 0
      objectReference: {fileID: 0}
    - target: {fileID: 7804164350607153201, guid: 134d44543d6e4f546abb343a48e2ce4b, type: 3}
      propertyPath: m_Name
      value: FlaskRoundBlue (6)
      objectReference: {fileID: 0}
    m_RemovedComponents: []
  m_SourcePrefab: {fileID: 100100000, guid: 134d44543d6e4f546abb343a48e2ce4b, type: 3}
--- !u!4 &1860649446 stripped
Transform:
  m_CorrespondingSourceObject: {fileID: 7423663420450570891, guid: 134d44543d6e4f546abb343a48e2ce4b, type: 3}
  m_PrefabInstance: {fileID: 1860649445}
  m_PrefabAsset: {fileID: 0}
--- !u!1 &1880581289
GameObject:
  m_ObjectHideFlags: 0
  m_CorrespondingSourceObject: {fileID: 0}
  m_PrefabInstance: {fileID: 0}
  m_PrefabAsset: {fileID: 0}
  serializedVersion: 6
  m_Component:
  - component: {fileID: 1880581291}
  - component: {fileID: 1880581290}
  m_Layer: 0
  m_Name: dammyenemy
  m_TagString: Untagged
  m_Icon: {fileID: 0}
  m_NavMeshLayer: 0
  m_StaticEditorFlags: 0
  m_IsActive: 1
--- !u!114 &1880581290
MonoBehaviour:
  m_ObjectHideFlags: 0
  m_CorrespondingSourceObject: {fileID: 0}
  m_PrefabInstance: {fileID: 0}
  m_PrefabAsset: {fileID: 0}
  m_GameObject: {fileID: 1880581289}
  m_Enabled: 1
  m_EditorHideFlags: 0
  m_Script: {fileID: 11500000, guid: 770cda52559a4168a71919f1ed655c65, type: 3}
  m_Name: 
  m_EditorClassIdentifier: 
  A: {fileID: 1880581289}
  B: {fileID: 1880581289}
--- !u!4 &1880581291
Transform:
  m_ObjectHideFlags: 0
  m_CorrespondingSourceObject: {fileID: 0}
  m_PrefabInstance: {fileID: 0}
  m_PrefabAsset: {fileID: 0}
  m_GameObject: {fileID: 1880581289}
  m_LocalRotation: {x: 0, y: 0, z: 0, w: 1}
  m_LocalPosition: {x: 17.91, y: -7.38, z: -1.69}
  m_LocalScale: {x: 1, y: 1, z: 1}
  m_Children: []
  m_Father: {fileID: 0}
  m_RootOrder: 8
  m_LocalEulerAnglesHint: {x: 0, y: 0, z: 0}
--- !u!1 &1988902402
GameObject:
  m_ObjectHideFlags: 0
  m_CorrespondingSourceObject: {fileID: 0}
  m_PrefabInstance: {fileID: 0}
  m_PrefabAsset: {fileID: 0}
  serializedVersion: 6
  m_Component:
  - component: {fileID: 1988902406}
  - component: {fileID: 1988902405}
  - component: {fileID: 1988902404}
  - component: {fileID: 1988902407}
  - component: {fileID: 1988902403}
  m_Layer: 0
  m_Name: Player
  m_TagString: Untagged
  m_Icon: {fileID: 0}
  m_NavMeshLayer: 0
  m_StaticEditorFlags: 0
  m_IsActive: 0
--- !u!143 &1988902403
CharacterController:
  m_ObjectHideFlags: 0
  m_CorrespondingSourceObject: {fileID: 0}
  m_PrefabInstance: {fileID: 0}
  m_PrefabAsset: {fileID: 0}
  m_GameObject: {fileID: 1988902402}
  m_Material: {fileID: 0}
  m_IsTrigger: 0
  m_Enabled: 1
  serializedVersion: 2
  m_Height: 1
  m_Radius: 0.5
  m_SlopeLimit: 45
  m_StepOffset: 0.3
  m_SkinWidth: 0.08
  m_MinMoveDistance: 0.001
  m_Center: {x: 0, y: 0, z: 0}
--- !u!23 &1988902404
MeshRenderer:
  m_ObjectHideFlags: 0
  m_CorrespondingSourceObject: {fileID: 0}
  m_PrefabInstance: {fileID: 0}
  m_PrefabAsset: {fileID: 0}
  m_GameObject: {fileID: 1988902402}
  m_Enabled: 1
  m_CastShadows: 1
  m_ReceiveShadows: 1
  m_DynamicOccludee: 1
  m_MotionVectors: 1
  m_LightProbeUsage: 1
  m_ReflectionProbeUsage: 1
  m_RayTracingMode: 2
  m_RayTraceProcedural: 0
  m_RenderingLayerMask: 1
  m_RendererPriority: 0
  m_Materials:
  - {fileID: 2100000, guid: cdc735a2d9c5a084880a3f89be4f9537, type: 2}
  m_StaticBatchInfo:
    firstSubMesh: 0
    subMeshCount: 0
  m_StaticBatchRoot: {fileID: 0}
  m_ProbeAnchor: {fileID: 0}
  m_LightProbeVolumeOverride: {fileID: 0}
  m_ScaleInLightmap: 1
  m_ReceiveGI: 1
  m_PreserveUVs: 0
  m_IgnoreNormalsForChartDetection: 0
  m_ImportantGI: 0
  m_StitchLightmapSeams: 1
  m_SelectedEditorRenderState: 3
  m_MinimumChartSize: 4
  m_AutoUVMaxDistance: 0.5
  m_AutoUVMaxAngle: 89
  m_LightmapParameters: {fileID: 0}
  m_SortingLayerID: 0
  m_SortingLayer: 0
  m_SortingOrder: 0
  m_AdditionalVertexStreams: {fileID: 0}
--- !u!33 &1988902405
MeshFilter:
  m_ObjectHideFlags: 0
  m_CorrespondingSourceObject: {fileID: 0}
  m_PrefabInstance: {fileID: 0}
  m_PrefabAsset: {fileID: 0}
  m_GameObject: {fileID: 1988902402}
  m_Mesh: {fileID: 10207, guid: 0000000000000000e000000000000000, type: 0}
--- !u!4 &1988902406
Transform:
  m_ObjectHideFlags: 0
  m_CorrespondingSourceObject: {fileID: 0}
  m_PrefabInstance: {fileID: 0}
  m_PrefabAsset: {fileID: 0}
  m_GameObject: {fileID: 1988902402}
  m_LocalRotation: {x: 0, y: -0.8684585, z: 0, w: 0.49576187}
  m_LocalPosition: {x: -20.81, y: 2.33, z: 0.05}
  m_LocalScale: {x: 2, y: 2, z: 2}
  m_Children: []
  m_Father: {fileID: 0}
  m_RootOrder: 0
  m_LocalEulerAnglesHint: {x: 0, y: -120.56, z: 0}
--- !u!114 &1988902407
MonoBehaviour:
  m_ObjectHideFlags: 0
  m_CorrespondingSourceObject: {fileID: 0}
  m_PrefabInstance: {fileID: 0}
  m_PrefabAsset: {fileID: 0}
  m_GameObject: {fileID: 1988902402}
  m_Enabled: 1
  m_EditorHideFlags: 0
  m_Script: {fileID: 11500000, guid: f59269ddf8074ed2b0c4c889d39202db, type: 3}
  m_Name: 
  m_EditorClassIdentifier: 
  _aliveModel: {fileID: 0}
  _deadModel: {fileID: 0}
--- !u!1 &500935356760900073
GameObject:
  m_ObjectHideFlags: 0
  m_CorrespondingSourceObject: {fileID: 0}
  m_PrefabInstance: {fileID: 0}
  m_PrefabAsset: {fileID: 0}
  serializedVersion: 6
  m_Component:
  - component: {fileID: 4201391384667293688}
  m_Layer: 0
  m_Name: Environment
  m_TagString: Untagged
  m_Icon: {fileID: 0}
  m_NavMeshLayer: 0
  m_StaticEditorFlags: 0
  m_IsActive: 1
--- !u!1001 &1378204074648226139
PrefabInstance:
  m_ObjectHideFlags: 0
  serializedVersion: 2
  m_Modification:
    m_TransformParent: {fileID: 4201391384667293688}
    m_Modifications:
    - target: {fileID: 8632737031247708191, guid: 562dec0990bfc1f43ae0e5cab185bab7, type: 3}
      propertyPath: m_RootOrder
      value: 0
      objectReference: {fileID: 0}
    - target: {fileID: 8632737031247708191, guid: 562dec0990bfc1f43ae0e5cab185bab7, type: 3}
      propertyPath: m_LocalScale.x
      value: 0.7
      objectReference: {fileID: 0}
    - target: {fileID: 8632737031247708191, guid: 562dec0990bfc1f43ae0e5cab185bab7, type: 3}
      propertyPath: m_LocalPosition.x
      value: 16.56
      objectReference: {fileID: 0}
    - target: {fileID: 8632737031247708191, guid: 562dec0990bfc1f43ae0e5cab185bab7, type: 3}
      propertyPath: m_LocalPosition.y
      value: -12.829433
      objectReference: {fileID: 0}
    - target: {fileID: 8632737031247708191, guid: 562dec0990bfc1f43ae0e5cab185bab7, type: 3}
      propertyPath: m_LocalPosition.z
      value: 5.72
      objectReference: {fileID: 0}
    - target: {fileID: 8632737031247708191, guid: 562dec0990bfc1f43ae0e5cab185bab7, type: 3}
      propertyPath: m_LocalRotation.w
      value: 1
      objectReference: {fileID: 0}
    - target: {fileID: 8632737031247708191, guid: 562dec0990bfc1f43ae0e5cab185bab7, type: 3}
      propertyPath: m_LocalRotation.x
      value: -0
      objectReference: {fileID: 0}
    - target: {fileID: 8632737031247708191, guid: 562dec0990bfc1f43ae0e5cab185bab7, type: 3}
      propertyPath: m_LocalRotation.y
      value: -0
      objectReference: {fileID: 0}
    - target: {fileID: 8632737031247708191, guid: 562dec0990bfc1f43ae0e5cab185bab7, type: 3}
      propertyPath: m_LocalRotation.z
      value: -0
      objectReference: {fileID: 0}
    - target: {fileID: 8632737031247708191, guid: 562dec0990bfc1f43ae0e5cab185bab7, type: 3}
      propertyPath: m_LocalEulerAnglesHint.x
      value: 0
      objectReference: {fileID: 0}
    - target: {fileID: 8632737031247708191, guid: 562dec0990bfc1f43ae0e5cab185bab7, type: 3}
      propertyPath: m_LocalEulerAnglesHint.y
      value: 0
      objectReference: {fileID: 0}
    - target: {fileID: 8632737031247708191, guid: 562dec0990bfc1f43ae0e5cab185bab7, type: 3}
      propertyPath: m_LocalEulerAnglesHint.z
      value: 0
      objectReference: {fileID: 0}
    - target: {fileID: 8972987108097596069, guid: 562dec0990bfc1f43ae0e5cab185bab7, type: 3}
      propertyPath: m_Name
      value: Shelving
      objectReference: {fileID: 0}
    m_RemovedComponents: []
  m_SourcePrefab: {fileID: 100100000, guid: 562dec0990bfc1f43ae0e5cab185bab7, type: 3}
--- !u!4 &1378204074648226140 stripped
Transform:
  m_CorrespondingSourceObject: {fileID: 8632737031247708191, guid: 562dec0990bfc1f43ae0e5cab185bab7, type: 3}
  m_PrefabInstance: {fileID: 1378204074648226139}
  m_PrefabAsset: {fileID: 0}
--- !u!1001 &1728959272239508555
PrefabInstance:
  m_ObjectHideFlags: 0
  serializedVersion: 2
  m_Modification:
    m_TransformParent: {fileID: 4201391384667293688}
    m_Modifications:
    - target: {fileID: 17765660326919251, guid: 218722cd5bd296c4fbbe61a93247eb97, type: 3}
      propertyPath: m_RootOrder
      value: 5
      objectReference: {fileID: 0}
    - target: {fileID: 17765660326919251, guid: 218722cd5bd296c4fbbe61a93247eb97, type: 3}
      propertyPath: m_LocalScale.x
      value: 0.5
      objectReference: {fileID: 0}
    - target: {fileID: 17765660326919251, guid: 218722cd5bd296c4fbbe61a93247eb97, type: 3}
      propertyPath: m_LocalScale.y
      value: 0.5
      objectReference: {fileID: 0}
    - target: {fileID: 17765660326919251, guid: 218722cd5bd296c4fbbe61a93247eb97, type: 3}
      propertyPath: m_LocalScale.z
      value: 0.5
      objectReference: {fileID: 0}
    - target: {fileID: 17765660326919251, guid: 218722cd5bd296c4fbbe61a93247eb97, type: 3}
      propertyPath: m_LocalPosition.x
      value: 18.42
      objectReference: {fileID: 0}
    - target: {fileID: 17765660326919251, guid: 218722cd5bd296c4fbbe61a93247eb97, type: 3}
      propertyPath: m_LocalPosition.y
      value: -2.15
      objectReference: {fileID: 0}
    - target: {fileID: 17765660326919251, guid: 218722cd5bd296c4fbbe61a93247eb97, type: 3}
      propertyPath: m_LocalPosition.z
      value: 5.73
      objectReference: {fileID: 0}
    - target: {fileID: 17765660326919251, guid: 218722cd5bd296c4fbbe61a93247eb97, type: 3}
      propertyPath: m_LocalRotation.w
      value: 1
      objectReference: {fileID: 0}
    - target: {fileID: 17765660326919251, guid: 218722cd5bd296c4fbbe61a93247eb97, type: 3}
      propertyPath: m_LocalRotation.x
      value: -0
      objectReference: {fileID: 0}
    - target: {fileID: 17765660326919251, guid: 218722cd5bd296c4fbbe61a93247eb97, type: 3}
      propertyPath: m_LocalRotation.y
      value: -0
      objectReference: {fileID: 0}
    - target: {fileID: 17765660326919251, guid: 218722cd5bd296c4fbbe61a93247eb97, type: 3}
      propertyPath: m_LocalRotation.z
      value: -0
      objectReference: {fileID: 0}
    - target: {fileID: 17765660326919251, guid: 218722cd5bd296c4fbbe61a93247eb97, type: 3}
      propertyPath: m_LocalEulerAnglesHint.x
      value: 0
      objectReference: {fileID: 0}
    - target: {fileID: 17765660326919251, guid: 218722cd5bd296c4fbbe61a93247eb97, type: 3}
      propertyPath: m_LocalEulerAnglesHint.y
      value: 0
      objectReference: {fileID: 0}
    - target: {fileID: 17765660326919251, guid: 218722cd5bd296c4fbbe61a93247eb97, type: 3}
      propertyPath: m_LocalEulerAnglesHint.z
      value: 0
      objectReference: {fileID: 0}
    - target: {fileID: 825510489991423721, guid: 218722cd5bd296c4fbbe61a93247eb97, type: 3}
      propertyPath: m_Name
      value: TubeCollection
      objectReference: {fileID: 0}
    - target: {fileID: 4104267513047825093, guid: 218722cd5bd296c4fbbe61a93247eb97, type: 3}
      propertyPath: m_Materials.Array.data[0]
      value: 
      objectReference: {fileID: 2100000, guid: 8a04859fb2fb3a74bb025367ae82c6e9, type: 2}
    - target: {fileID: 7486980000048681329, guid: 218722cd5bd296c4fbbe61a93247eb97, type: 3}
      propertyPath: m_Materials.Array.data[0]
      value: 
      objectReference: {fileID: 2100000, guid: 8a04859fb2fb3a74bb025367ae82c6e9, type: 2}
    - target: {fileID: 7705998920883060249, guid: 218722cd5bd296c4fbbe61a93247eb97, type: 3}
      propertyPath: m_Materials.Array.data[0]
      value: 
      objectReference: {fileID: 2100000, guid: c8077dd98a3b1c64a8323d55511b7d54, type: 2}
    - target: {fileID: 8861027422678063074, guid: 218722cd5bd296c4fbbe61a93247eb97, type: 3}
      propertyPath: m_Materials.Array.data[0]
      value: 
      objectReference: {fileID: 2100000, guid: fb60f342e50425546abc095e1665f247, type: 2}
    m_RemovedComponents: []
  m_SourcePrefab: {fileID: 100100000, guid: 218722cd5bd296c4fbbe61a93247eb97, type: 3}
--- !u!4 &1728959272239508556 stripped
Transform:
  m_CorrespondingSourceObject: {fileID: 17765660326919251, guid: 218722cd5bd296c4fbbe61a93247eb97, type: 3}
  m_PrefabInstance: {fileID: 1728959272239508555}
  m_PrefabAsset: {fileID: 0}
--- !u!1001 &2213028767565027313
PrefabInstance:
  m_ObjectHideFlags: 0
  serializedVersion: 2
  m_Modification:
    m_TransformParent: {fileID: 4201391384667293688}
    m_Modifications:
    - target: {fileID: 7423663420450570891, guid: 134d44543d6e4f546abb343a48e2ce4b, type: 3}
      propertyPath: m_RootOrder
      value: 3
      objectReference: {fileID: 0}
    - target: {fileID: 7423663420450570891, guid: 134d44543d6e4f546abb343a48e2ce4b, type: 3}
      propertyPath: m_LocalScale.x
      value: 0.59999996
      objectReference: {fileID: 0}
    - target: {fileID: 7423663420450570891, guid: 134d44543d6e4f546abb343a48e2ce4b, type: 3}
      propertyPath: m_LocalScale.y
      value: 0.59999996
      objectReference: {fileID: 0}
    - target: {fileID: 7423663420450570891, guid: 134d44543d6e4f546abb343a48e2ce4b, type: 3}
      propertyPath: m_LocalScale.z
      value: 0.59999996
      objectReference: {fileID: 0}
    - target: {fileID: 7423663420450570891, guid: 134d44543d6e4f546abb343a48e2ce4b, type: 3}
      propertyPath: m_LocalPosition.x
      value: 14.15
      objectReference: {fileID: 0}
    - target: {fileID: 7423663420450570891, guid: 134d44543d6e4f546abb343a48e2ce4b, type: 3}
      propertyPath: m_LocalPosition.y
      value: -5.66
      objectReference: {fileID: 0}
    - target: {fileID: 7423663420450570891, guid: 134d44543d6e4f546abb343a48e2ce4b, type: 3}
      propertyPath: m_LocalPosition.z
      value: 5.73
      objectReference: {fileID: 0}
    - target: {fileID: 7423663420450570891, guid: 134d44543d6e4f546abb343a48e2ce4b, type: 3}
      propertyPath: m_LocalRotation.w
      value: 1
      objectReference: {fileID: 0}
    - target: {fileID: 7423663420450570891, guid: 134d44543d6e4f546abb343a48e2ce4b, type: 3}
      propertyPath: m_LocalRotation.x
      value: -0
      objectReference: {fileID: 0}
    - target: {fileID: 7423663420450570891, guid: 134d44543d6e4f546abb343a48e2ce4b, type: 3}
      propertyPath: m_LocalRotation.y
      value: -0
      objectReference: {fileID: 0}
    - target: {fileID: 7423663420450570891, guid: 134d44543d6e4f546abb343a48e2ce4b, type: 3}
      propertyPath: m_LocalRotation.z
      value: -0
      objectReference: {fileID: 0}
    - target: {fileID: 7423663420450570891, guid: 134d44543d6e4f546abb343a48e2ce4b, type: 3}
      propertyPath: m_LocalEulerAnglesHint.x
      value: 0
      objectReference: {fileID: 0}
    - target: {fileID: 7423663420450570891, guid: 134d44543d6e4f546abb343a48e2ce4b, type: 3}
      propertyPath: m_LocalEulerAnglesHint.y
      value: 0
      objectReference: {fileID: 0}
    - target: {fileID: 7423663420450570891, guid: 134d44543d6e4f546abb343a48e2ce4b, type: 3}
      propertyPath: m_LocalEulerAnglesHint.z
      value: 0
      objectReference: {fileID: 0}
    - target: {fileID: 7787894790185097267, guid: 134d44543d6e4f546abb343a48e2ce4b, type: 3}
      propertyPath: m_IsActive
      value: 0
      objectReference: {fileID: 0}
    - target: {fileID: 7804164350607153201, guid: 134d44543d6e4f546abb343a48e2ce4b, type: 3}
      propertyPath: m_Name
      value: FlaskRoundBlue (3)
      objectReference: {fileID: 0}
    m_RemovedComponents: []
  m_SourcePrefab: {fileID: 100100000, guid: 134d44543d6e4f546abb343a48e2ce4b, type: 3}
--- !u!4 &2213028767565027314 stripped
Transform:
  m_CorrespondingSourceObject: {fileID: 7423663420450570891, guid: 134d44543d6e4f546abb343a48e2ce4b, type: 3}
  m_PrefabInstance: {fileID: 2213028767565027313}
  m_PrefabAsset: {fileID: 0}
--- !u!1001 &2782517598232602133
PrefabInstance:
  m_ObjectHideFlags: 0
  serializedVersion: 2
  m_Modification:
    m_TransformParent: {fileID: 4201391384667293688}
    m_Modifications:
    - target: {fileID: 3461405909567391626, guid: 2511c7185d667814f807199ca3c16dec, type: 3}
      propertyPath: m_RootOrder
      value: 1
      objectReference: {fileID: 0}
    - target: {fileID: 3461405909567391626, guid: 2511c7185d667814f807199ca3c16dec, type: 3}
      propertyPath: m_LocalScale.x
      value: 0.5
      objectReference: {fileID: 0}
    - target: {fileID: 3461405909567391626, guid: 2511c7185d667814f807199ca3c16dec, type: 3}
      propertyPath: m_LocalScale.y
      value: 0.5
      objectReference: {fileID: 0}
    - target: {fileID: 3461405909567391626, guid: 2511c7185d667814f807199ca3c16dec, type: 3}
      propertyPath: m_LocalScale.z
      value: 0.5
      objectReference: {fileID: 0}
    - target: {fileID: 3461405909567391626, guid: 2511c7185d667814f807199ca3c16dec, type: 3}
      propertyPath: m_LocalPosition.x
      value: 15.51
      objectReference: {fileID: 0}
    - target: {fileID: 3461405909567391626, guid: 2511c7185d667814f807199ca3c16dec, type: 3}
      propertyPath: m_LocalPosition.y
      value: -2.15
      objectReference: {fileID: 0}
    - target: {fileID: 3461405909567391626, guid: 2511c7185d667814f807199ca3c16dec, type: 3}
      propertyPath: m_LocalPosition.z
      value: 5.73
      objectReference: {fileID: 0}
    - target: {fileID: 3461405909567391626, guid: 2511c7185d667814f807199ca3c16dec, type: 3}
      propertyPath: m_LocalRotation.w
      value: 1
      objectReference: {fileID: 0}
    - target: {fileID: 3461405909567391626, guid: 2511c7185d667814f807199ca3c16dec, type: 3}
      propertyPath: m_LocalRotation.x
      value: -0
      objectReference: {fileID: 0}
    - target: {fileID: 3461405909567391626, guid: 2511c7185d667814f807199ca3c16dec, type: 3}
      propertyPath: m_LocalRotation.y
      value: -0
      objectReference: {fileID: 0}
    - target: {fileID: 3461405909567391626, guid: 2511c7185d667814f807199ca3c16dec, type: 3}
      propertyPath: m_LocalRotation.z
      value: -0
      objectReference: {fileID: 0}
    - target: {fileID: 3461405909567391626, guid: 2511c7185d667814f807199ca3c16dec, type: 3}
      propertyPath: m_LocalEulerAnglesHint.x
      value: 0
      objectReference: {fileID: 0}
    - target: {fileID: 3461405909567391626, guid: 2511c7185d667814f807199ca3c16dec, type: 3}
      propertyPath: m_LocalEulerAnglesHint.y
      value: 0
      objectReference: {fileID: 0}
    - target: {fileID: 3461405909567391626, guid: 2511c7185d667814f807199ca3c16dec, type: 3}
      propertyPath: m_LocalEulerAnglesHint.z
      value: 0
      objectReference: {fileID: 0}
    - target: {fileID: 4270172180383505712, guid: 2511c7185d667814f807199ca3c16dec, type: 3}
      propertyPath: m_Name
      value: FlaskConeOrange
      objectReference: {fileID: 0}
    m_RemovedComponents: []
  m_SourcePrefab: {fileID: 100100000, guid: 2511c7185d667814f807199ca3c16dec, type: 3}
--- !u!4 &2782517598232602134 stripped
Transform:
  m_CorrespondingSourceObject: {fileID: 3461405909567391626, guid: 2511c7185d667814f807199ca3c16dec, type: 3}
  m_PrefabInstance: {fileID: 2782517598232602133}
  m_PrefabAsset: {fileID: 0}
--- !u!1001 &3502184671238578638
PrefabInstance:
  m_ObjectHideFlags: 0
  serializedVersion: 2
  m_Modification:
    m_TransformParent: {fileID: 0}
    m_Modifications:
    - target: {fileID: 1552452315282530984, guid: 858783cf0e22ad74e8c409b8ed24c9ba, type: 3}
      propertyPath: m_RootOrder
      value: 2
      objectReference: {fileID: 0}
    - target: {fileID: 1552452315282530984, guid: 858783cf0e22ad74e8c409b8ed24c9ba, type: 3}
      propertyPath: m_LocalPosition.x
      value: 0
      objectReference: {fileID: 0}
    - target: {fileID: 1552452315282530984, guid: 858783cf0e22ad74e8c409b8ed24c9ba, type: 3}
      propertyPath: m_LocalPosition.y
      value: 0
      objectReference: {fileID: 0}
    - target: {fileID: 1552452315282530984, guid: 858783cf0e22ad74e8c409b8ed24c9ba, type: 3}
      propertyPath: m_LocalPosition.z
      value: 1
      objectReference: {fileID: 0}
    - target: {fileID: 1552452315282530984, guid: 858783cf0e22ad74e8c409b8ed24c9ba, type: 3}
      propertyPath: m_LocalRotation.w
      value: 1
      objectReference: {fileID: 0}
    - target: {fileID: 1552452315282530984, guid: 858783cf0e22ad74e8c409b8ed24c9ba, type: 3}
      propertyPath: m_LocalRotation.x
      value: 0
      objectReference: {fileID: 0}
    - target: {fileID: 1552452315282530984, guid: 858783cf0e22ad74e8c409b8ed24c9ba, type: 3}
      propertyPath: m_LocalRotation.y
      value: -0
      objectReference: {fileID: 0}
    - target: {fileID: 1552452315282530984, guid: 858783cf0e22ad74e8c409b8ed24c9ba, type: 3}
      propertyPath: m_LocalRotation.z
      value: -0
      objectReference: {fileID: 0}
    - target: {fileID: 1552452315282530984, guid: 858783cf0e22ad74e8c409b8ed24c9ba, type: 3}
      propertyPath: m_LocalEulerAnglesHint.x
      value: 0
      objectReference: {fileID: 0}
    - target: {fileID: 1552452315282530984, guid: 858783cf0e22ad74e8c409b8ed24c9ba, type: 3}
      propertyPath: m_LocalEulerAnglesHint.y
      value: 0
      objectReference: {fileID: 0}
    - target: {fileID: 1552452315282530984, guid: 858783cf0e22ad74e8c409b8ed24c9ba, type: 3}
      propertyPath: m_LocalEulerAnglesHint.z
      value: 0
      objectReference: {fileID: 0}
    - target: {fileID: 2215977223777007634, guid: 858783cf0e22ad74e8c409b8ed24c9ba, type: 3}
      propertyPath: m_Name
      value: room
      objectReference: {fileID: 0}
    m_RemovedComponents: []
  m_SourcePrefab: {fileID: 100100000, guid: 858783cf0e22ad74e8c409b8ed24c9ba, type: 3}
--- !u!4 &4201391384667293688
Transform:
  m_ObjectHideFlags: 0
  m_CorrespondingSourceObject: {fileID: 0}
  m_PrefabInstance: {fileID: 0}
  m_PrefabAsset: {fileID: 0}
  m_GameObject: {fileID: 500935356760900073}
  m_LocalRotation: {x: 0, y: 1, z: 0, w: 0}
  m_LocalPosition: {x: 0, y: 0, z: 11}
  m_LocalScale: {x: 1, y: 1, z: 1}
  m_Children:
  - {fileID: 1378204074648226140}
  - {fileID: 2782517598232602134}
  - {fileID: 6683980122457832775}
  - {fileID: 2213028767565027314}
  - {fileID: 8084156130061702221}
  - {fileID: 1728959272239508556}
  - {fileID: 6002361544072278275}
  - {fileID: 4964276061896334449}
  - {fileID: 1305227350}
  - {fileID: 1860649446}
  - {fileID: 138451270}
  - {fileID: 1682959762}
  - {fileID: 947240074}
  - {fileID: 1643505412}
  m_Father: {fileID: 0}
  m_RootOrder: 11
  m_LocalEulerAnglesHint: {x: 0, y: 180, z: 0}
--- !u!1001 &4964276061896334448
PrefabInstance:
  m_ObjectHideFlags: 0
  serializedVersion: 2
  m_Modification:
    m_TransformParent: {fileID: 4201391384667293688}
    m_Modifications:
    - target: {fileID: 1570322879175338950, guid: 134d44543d6e4f546abb343a48e2ce4b, type: 3}
      propertyPath: m_Materials.Array.data[0]
      value: 
      objectReference: {fileID: 2100000, guid: 380ce2514106ab04e8ded8aa9eea00e3, type: 2}
    - target: {fileID: 7423663420450570891, guid: 134d44543d6e4f546abb343a48e2ce4b, type: 3}
      propertyPath: m_RootOrder
      value: 7
      objectReference: {fileID: 0}
    - target: {fileID: 7423663420450570891, guid: 134d44543d6e4f546abb343a48e2ce4b, type: 3}
      propertyPath: m_LocalScale.x
      value: 0.59999996
      objectReference: {fileID: 0}
    - target: {fileID: 7423663420450570891, guid: 134d44543d6e4f546abb343a48e2ce4b, type: 3}
      propertyPath: m_LocalScale.y
      value: 0.59999996
      objectReference: {fileID: 0}
    - target: {fileID: 7423663420450570891, guid: 134d44543d6e4f546abb343a48e2ce4b, type: 3}
      propertyPath: m_LocalScale.z
      value: 0.59999996
      objectReference: {fileID: 0}
    - target: {fileID: 7423663420450570891, guid: 134d44543d6e4f546abb343a48e2ce4b, type: 3}
      propertyPath: m_LocalPosition.x
      value: 16.7
      objectReference: {fileID: 0}
    - target: {fileID: 7423663420450570891, guid: 134d44543d6e4f546abb343a48e2ce4b, type: 3}
      propertyPath: m_LocalPosition.y
      value: -5.66
      objectReference: {fileID: 0}
    - target: {fileID: 7423663420450570891, guid: 134d44543d6e4f546abb343a48e2ce4b, type: 3}
      propertyPath: m_LocalPosition.z
      value: 5.73
      objectReference: {fileID: 0}
    - target: {fileID: 7423663420450570891, guid: 134d44543d6e4f546abb343a48e2ce4b, type: 3}
      propertyPath: m_LocalRotation.w
      value: 1
      objectReference: {fileID: 0}
    - target: {fileID: 7423663420450570891, guid: 134d44543d6e4f546abb343a48e2ce4b, type: 3}
      propertyPath: m_LocalRotation.x
      value: -0
      objectReference: {fileID: 0}
    - target: {fileID: 7423663420450570891, guid: 134d44543d6e4f546abb343a48e2ce4b, type: 3}
      propertyPath: m_LocalRotation.y
      value: -0
      objectReference: {fileID: 0}
    - target: {fileID: 7423663420450570891, guid: 134d44543d6e4f546abb343a48e2ce4b, type: 3}
      propertyPath: m_LocalRotation.z
      value: -0
      objectReference: {fileID: 0}
    - target: {fileID: 7423663420450570891, guid: 134d44543d6e4f546abb343a48e2ce4b, type: 3}
      propertyPath: m_LocalEulerAnglesHint.x
      value: 0
      objectReference: {fileID: 0}
    - target: {fileID: 7423663420450570891, guid: 134d44543d6e4f546abb343a48e2ce4b, type: 3}
      propertyPath: m_LocalEulerAnglesHint.y
      value: 0
      objectReference: {fileID: 0}
    - target: {fileID: 7423663420450570891, guid: 134d44543d6e4f546abb343a48e2ce4b, type: 3}
      propertyPath: m_LocalEulerAnglesHint.z
      value: 0
      objectReference: {fileID: 0}
    - target: {fileID: 7804164350607153201, guid: 134d44543d6e4f546abb343a48e2ce4b, type: 3}
      propertyPath: m_Name
      value: FlaskRoundBlue
      objectReference: {fileID: 0}
    m_RemovedComponents: []
  m_SourcePrefab: {fileID: 100100000, guid: 134d44543d6e4f546abb343a48e2ce4b, type: 3}
--- !u!4 &4964276061896334449 stripped
Transform:
  m_CorrespondingSourceObject: {fileID: 7423663420450570891, guid: 134d44543d6e4f546abb343a48e2ce4b, type: 3}
  m_PrefabInstance: {fileID: 4964276061896334448}
  m_PrefabAsset: {fileID: 0}
--- !u!1001 &6002361544072278274
PrefabInstance:
  m_ObjectHideFlags: 0
  serializedVersion: 2
  m_Modification:
    m_TransformParent: {fileID: 4201391384667293688}
    m_Modifications:
    - target: {fileID: 3815048914311046719, guid: 50f40cd0f24000046a67ad83e853c58c, type: 3}
      propertyPath: m_RootOrder
      value: 6
      objectReference: {fileID: 0}
    - target: {fileID: 3815048914311046719, guid: 50f40cd0f24000046a67ad83e853c58c, type: 3}
      propertyPath: m_LocalScale.x
      value: 0.59999996
      objectReference: {fileID: 0}
    - target: {fileID: 3815048914311046719, guid: 50f40cd0f24000046a67ad83e853c58c, type: 3}
      propertyPath: m_LocalScale.y
      value: 0.59999996
      objectReference: {fileID: 0}
    - target: {fileID: 3815048914311046719, guid: 50f40cd0f24000046a67ad83e853c58c, type: 3}
      propertyPath: m_LocalScale.z
      value: 0.59999996
      objectReference: {fileID: 0}
    - target: {fileID: 3815048914311046719, guid: 50f40cd0f24000046a67ad83e853c58c, type: 3}
      propertyPath: m_LocalPosition.x
      value: 15.41
      objectReference: {fileID: 0}
    - target: {fileID: 3815048914311046719, guid: 50f40cd0f24000046a67ad83e853c58c, type: 3}
      propertyPath: m_LocalPosition.y
      value: -5.66
      objectReference: {fileID: 0}
    - target: {fileID: 3815048914311046719, guid: 50f40cd0f24000046a67ad83e853c58c, type: 3}
      propertyPath: m_LocalPosition.z
      value: 5.73
      objectReference: {fileID: 0}
    - target: {fileID: 3815048914311046719, guid: 50f40cd0f24000046a67ad83e853c58c, type: 3}
      propertyPath: m_LocalRotation.w
      value: 1
      objectReference: {fileID: 0}
    - target: {fileID: 3815048914311046719, guid: 50f40cd0f24000046a67ad83e853c58c, type: 3}
      propertyPath: m_LocalRotation.x
      value: -0
      objectReference: {fileID: 0}
    - target: {fileID: 3815048914311046719, guid: 50f40cd0f24000046a67ad83e853c58c, type: 3}
      propertyPath: m_LocalRotation.y
      value: -0
      objectReference: {fileID: 0}
    - target: {fileID: 3815048914311046719, guid: 50f40cd0f24000046a67ad83e853c58c, type: 3}
      propertyPath: m_LocalRotation.z
      value: -0
      objectReference: {fileID: 0}
    - target: {fileID: 3815048914311046719, guid: 50f40cd0f24000046a67ad83e853c58c, type: 3}
      propertyPath: m_LocalEulerAnglesHint.x
      value: 0
      objectReference: {fileID: 0}
    - target: {fileID: 3815048914311046719, guid: 50f40cd0f24000046a67ad83e853c58c, type: 3}
      propertyPath: m_LocalEulerAnglesHint.y
      value: 0
      objectReference: {fileID: 0}
    - target: {fileID: 3815048914311046719, guid: 50f40cd0f24000046a67ad83e853c58c, type: 3}
      propertyPath: m_LocalEulerAnglesHint.z
      value: 0
      objectReference: {fileID: 0}
    - target: {fileID: 4592007418079067269, guid: 50f40cd0f24000046a67ad83e853c58c, type: 3}
      propertyPath: m_Name
      value: FlaskRoundYellow (1)
      objectReference: {fileID: 0}
    m_RemovedComponents: []
  m_SourcePrefab: {fileID: 100100000, guid: 50f40cd0f24000046a67ad83e853c58c, type: 3}
--- !u!4 &6002361544072278275 stripped
Transform:
  m_CorrespondingSourceObject: {fileID: 3815048914311046719, guid: 50f40cd0f24000046a67ad83e853c58c, type: 3}
  m_PrefabInstance: {fileID: 6002361544072278274}
  m_PrefabAsset: {fileID: 0}
--- !u!1001 &6683980122457832774
PrefabInstance:
  m_ObjectHideFlags: 0
  serializedVersion: 2
  m_Modification:
    m_TransformParent: {fileID: 4201391384667293688}
    m_Modifications:
    - target: {fileID: 132608177178562807, guid: 70931604c15537144886c2d60e5cf395, type: 3}
      propertyPath: m_Materials.Array.data[0]
      value: 
      objectReference: {fileID: 2100000, guid: d11cf291baa982e43a05110442ca8b12, type: 2}
    - target: {fileID: 438775401026383610, guid: 70931604c15537144886c2d60e5cf395, type: 3}
      propertyPath: m_Name
      value: FlaskCylinderCyan
      objectReference: {fileID: 0}
    - target: {fileID: 962933916462429248, guid: 70931604c15537144886c2d60e5cf395, type: 3}
      propertyPath: m_RootOrder
      value: 2
      objectReference: {fileID: 0}
    - target: {fileID: 962933916462429248, guid: 70931604c15537144886c2d60e5cf395, type: 3}
      propertyPath: m_LocalScale.x
      value: 0.5
      objectReference: {fileID: 0}
    - target: {fileID: 962933916462429248, guid: 70931604c15537144886c2d60e5cf395, type: 3}
      propertyPath: m_LocalScale.y
      value: 0.5
      objectReference: {fileID: 0}
    - target: {fileID: 962933916462429248, guid: 70931604c15537144886c2d60e5cf395, type: 3}
      propertyPath: m_LocalScale.z
      value: 0.5
      objectReference: {fileID: 0}
    - target: {fileID: 962933916462429248, guid: 70931604c15537144886c2d60e5cf395, type: 3}
      propertyPath: m_LocalPosition.x
      value: 18.62
      objectReference: {fileID: 0}
    - target: {fileID: 962933916462429248, guid: 70931604c15537144886c2d60e5cf395, type: 3}
      propertyPath: m_LocalPosition.y
      value: -9.21
      objectReference: {fileID: 0}
    - target: {fileID: 962933916462429248, guid: 70931604c15537144886c2d60e5cf395, type: 3}
      propertyPath: m_LocalPosition.z
      value: 5.73
      objectReference: {fileID: 0}
    - target: {fileID: 962933916462429248, guid: 70931604c15537144886c2d60e5cf395, type: 3}
      propertyPath: m_LocalRotation.w
      value: 1
      objectReference: {fileID: 0}
    - target: {fileID: 962933916462429248, guid: 70931604c15537144886c2d60e5cf395, type: 3}
      propertyPath: m_LocalRotation.x
      value: -0
      objectReference: {fileID: 0}
    - target: {fileID: 962933916462429248, guid: 70931604c15537144886c2d60e5cf395, type: 3}
      propertyPath: m_LocalRotation.y
      value: -0
      objectReference: {fileID: 0}
    - target: {fileID: 962933916462429248, guid: 70931604c15537144886c2d60e5cf395, type: 3}
      propertyPath: m_LocalRotation.z
      value: -0
      objectReference: {fileID: 0}
    - target: {fileID: 962933916462429248, guid: 70931604c15537144886c2d60e5cf395, type: 3}
      propertyPath: m_LocalEulerAnglesHint.x
      value: 0
      objectReference: {fileID: 0}
    - target: {fileID: 962933916462429248, guid: 70931604c15537144886c2d60e5cf395, type: 3}
      propertyPath: m_LocalEulerAnglesHint.y
      value: 0
      objectReference: {fileID: 0}
    - target: {fileID: 962933916462429248, guid: 70931604c15537144886c2d60e5cf395, type: 3}
      propertyPath: m_LocalEulerAnglesHint.z
      value: 0
      objectReference: {fileID: 0}
    m_RemovedComponents: []
  m_SourcePrefab: {fileID: 100100000, guid: 70931604c15537144886c2d60e5cf395, type: 3}
--- !u!4 &6683980122457832775 stripped
Transform:
  m_CorrespondingSourceObject: {fileID: 962933916462429248, guid: 70931604c15537144886c2d60e5cf395, type: 3}
  m_PrefabInstance: {fileID: 6683980122457832774}
  m_PrefabAsset: {fileID: 0}
--- !u!1001 &8084156130061702220
PrefabInstance:
  m_ObjectHideFlags: 0
  serializedVersion: 2
  m_Modification:
    m_TransformParent: {fileID: 4201391384667293688}
    m_Modifications:
    - target: {fileID: 3632118214088308422, guid: 5618cb93388755644982d4dd420d44e6, type: 3}
      propertyPath: m_Name
      value: FlaskConeGreen
      objectReference: {fileID: 0}
    - target: {fileID: 4119721536527920252, guid: 5618cb93388755644982d4dd420d44e6, type: 3}
      propertyPath: m_RootOrder
      value: 4
      objectReference: {fileID: 0}
    - target: {fileID: 4119721536527920252, guid: 5618cb93388755644982d4dd420d44e6, type: 3}
      propertyPath: m_LocalScale.x
      value: 0.5
      objectReference: {fileID: 0}
    - target: {fileID: 4119721536527920252, guid: 5618cb93388755644982d4dd420d44e6, type: 3}
      propertyPath: m_LocalScale.y
      value: 0.5
      objectReference: {fileID: 0}
    - target: {fileID: 4119721536527920252, guid: 5618cb93388755644982d4dd420d44e6, type: 3}
      propertyPath: m_LocalScale.z
      value: 0.5
      objectReference: {fileID: 0}
    - target: {fileID: 4119721536527920252, guid: 5618cb93388755644982d4dd420d44e6, type: 3}
      propertyPath: m_LocalPosition.x
      value: 14.19
      objectReference: {fileID: 0}
    - target: {fileID: 4119721536527920252, guid: 5618cb93388755644982d4dd420d44e6, type: 3}
      propertyPath: m_LocalPosition.y
      value: -2.15
      objectReference: {fileID: 0}
    - target: {fileID: 4119721536527920252, guid: 5618cb93388755644982d4dd420d44e6, type: 3}
      propertyPath: m_LocalPosition.z
      value: 5.73
      objectReference: {fileID: 0}
    - target: {fileID: 4119721536527920252, guid: 5618cb93388755644982d4dd420d44e6, type: 3}
      propertyPath: m_LocalRotation.w
      value: 1
      objectReference: {fileID: 0}
    - target: {fileID: 4119721536527920252, guid: 5618cb93388755644982d4dd420d44e6, type: 3}
      propertyPath: m_LocalRotation.x
      value: -0
      objectReference: {fileID: 0}
    - target: {fileID: 4119721536527920252, guid: 5618cb93388755644982d4dd420d44e6, type: 3}
      propertyPath: m_LocalRotation.y
      value: -0
      objectReference: {fileID: 0}
    - target: {fileID: 4119721536527920252, guid: 5618cb93388755644982d4dd420d44e6, type: 3}
      propertyPath: m_LocalRotation.z
      value: -0
      objectReference: {fileID: 0}
    - target: {fileID: 4119721536527920252, guid: 5618cb93388755644982d4dd420d44e6, type: 3}
      propertyPath: m_LocalEulerAnglesHint.x
      value: 0
      objectReference: {fileID: 0}
    - target: {fileID: 4119721536527920252, guid: 5618cb93388755644982d4dd420d44e6, type: 3}
      propertyPath: m_LocalEulerAnglesHint.y
      value: 0
      objectReference: {fileID: 0}
    - target: {fileID: 4119721536527920252, guid: 5618cb93388755644982d4dd420d44e6, type: 3}
      propertyPath: m_LocalEulerAnglesHint.z
      value: 0
      objectReference: {fileID: 0}
    - target: {fileID: 5064711280000587026, guid: 5618cb93388755644982d4dd420d44e6, type: 3}
      propertyPath: m_Materials.Array.data[0]
      value: 
      objectReference: {fileID: 2100000, guid: 8a04859fb2fb3a74bb025367ae82c6e9, type: 2}
    m_RemovedComponents: []
  m_SourcePrefab: {fileID: 100100000, guid: 5618cb93388755644982d4dd420d44e6, type: 3}
--- !u!4 &8084156130061702221 stripped
Transform:
  m_CorrespondingSourceObject: {fileID: 4119721536527920252, guid: 5618cb93388755644982d4dd420d44e6, type: 3}
  m_PrefabInstance: {fileID: 8084156130061702220}
  m_PrefabAsset: {fileID: 0}
