%YAML 1.1
%TAG !u! tag:unity3d.com,2011:
--- !u!29 &1
OcclusionCullingSettings:
  m_ObjectHideFlags: 0
  serializedVersion: 2
  m_OcclusionBakeSettings:
    smallestOccluder: 5
    smallestHole: 0.25
    backfaceThreshold: 100
  m_SceneGUID: 00000000000000000000000000000000
  m_OcclusionCullingData: {fileID: 0}
--- !u!104 &2
RenderSettings:
  m_ObjectHideFlags: 0
  serializedVersion: 9
  m_Fog: 0
  m_FogColor: {r: 0.5, g: 0.5, b: 0.5, a: 1}
  m_FogMode: 3
  m_FogDensity: 0.01
  m_LinearFogStart: 0
  m_LinearFogEnd: 300
  m_AmbientSkyColor: {r: 0.65800005, g: 0.65800005, b: 0.65800005, a: 1}
  m_AmbientEquatorColor: {r: 0.114, g: 0.125, b: 0.133, a: 1}
  m_AmbientGroundColor: {r: 0.047, g: 0.043, b: 0.035, a: 1}
  m_AmbientIntensity: 1
  m_AmbientMode: 3
  m_SubtractiveShadowColor: {r: 0.42, g: 0.478, b: 0.627, a: 1}
  m_SkyboxMaterial: {fileID: 10304, guid: 0000000000000000f000000000000000, type: 0}
  m_HaloStrength: 0.5
  m_FlareStrength: 1
  m_FlareFadeSpeed: 3
  m_HaloTexture: {fileID: 0}
  m_SpotCookie: {fileID: 10001, guid: 0000000000000000e000000000000000, type: 0}
  m_DefaultReflectionMode: 0
  m_DefaultReflectionResolution: 128
  m_ReflectionBounces: 1
  m_ReflectionIntensity: 1
  m_CustomReflection: {fileID: 0}
  m_Sun: {fileID: 0}
  m_IndirectSpecularColor: {r: 0.4366757, g: 0.48427194, b: 0.5645252, a: 1}
  m_UseRadianceAmbientProbe: 0
--- !u!157 &3
LightmapSettings:
  m_ObjectHideFlags: 0
  serializedVersion: 12
  m_GIWorkflowMode: 1
  m_GISettings:
    serializedVersion: 2
    m_BounceScale: 1
    m_IndirectOutputScale: 1
    m_AlbedoBoost: 1
    m_EnvironmentLightingMode: 0
    m_EnableBakedLightmaps: 1
    m_EnableRealtimeLightmaps: 0
  m_LightmapEditorSettings:
    serializedVersion: 12
    m_Resolution: 2
    m_BakeResolution: 40
    m_AtlasSize: 1024
    m_AO: 0
    m_AOMaxDistance: 1
    m_CompAOExponent: 1
    m_CompAOExponentDirect: 0
    m_ExtractAmbientOcclusion: 0
    m_Padding: 2
    m_LightmapParameters: {fileID: 0}
    m_LightmapsBakeMode: 1
    m_TextureCompression: 1
    m_FinalGather: 0
    m_FinalGatherFiltering: 1
    m_FinalGatherRayCount: 256
    m_ReflectionCompression: 2
    m_MixedBakeMode: 2
    m_BakeBackend: 1
    m_PVRSampling: 1
    m_PVRDirectSampleCount: 32
    m_PVRSampleCount: 500
    m_PVRBounces: 2
    m_PVREnvironmentSampleCount: 500
    m_PVREnvironmentReferencePointCount: 2048
    m_PVRFilteringMode: 2
    m_PVRDenoiserTypeDirect: 0
    m_PVRDenoiserTypeIndirect: 0
    m_PVRDenoiserTypeAO: 0
    m_PVRFilterTypeDirect: 0
    m_PVRFilterTypeIndirect: 0
    m_PVRFilterTypeAO: 0
    m_PVREnvironmentMIS: 0
    m_PVRCulling: 1
    m_PVRFilteringGaussRadiusDirect: 1
    m_PVRFilteringGaussRadiusIndirect: 5
    m_PVRFilteringGaussRadiusAO: 2
    m_PVRFilteringAtrousPositionSigmaDirect: 0.5
    m_PVRFilteringAtrousPositionSigmaIndirect: 2
    m_PVRFilteringAtrousPositionSigmaAO: 1
    m_ExportTrainingData: 0
    m_TrainingDataDestination: TrainingData
    m_LightProbeSampleCountMultiplier: 4
  m_LightingDataAsset: {fileID: 112000000, guid: b4fa3e11eebab9e4f9060fad99e1fee5, type: 2}
  m_LightingSettings: {fileID: 4890085278179872738, guid: 4b8d2289bf152984e8785a30990ce1bc, type: 2}
--- !u!196 &4
NavMeshSettings:
  serializedVersion: 2
  m_ObjectHideFlags: 0
  m_BuildSettings:
    serializedVersion: 2
    agentTypeID: 0
    agentRadius: 0.5
    agentHeight: 2
    agentSlope: 45
    agentClimb: 0.4
    ledgeDropHeight: 0
    maxJumpAcrossDistance: 0
    minRegionArea: 2
    manualCellSize: 0
    cellSize: 0.16666667
    manualTileSize: 0
    tileSize: 256
    accuratePlacement: 0
    maxJobWorkers: 0
    preserveTilesOutsideBounds: 0
    debug:
      m_Flags: 0
  m_NavMeshData: {fileID: 0}
--- !u!114 &44137529 stripped
MonoBehaviour:
  m_CorrespondingSourceObject: {fileID: 4229034882281739401, guid: fead892e8a8643c47a313ae8d92a9c88, type: 3}
  m_PrefabInstance: {fileID: 4229034882321541296}
  m_PrefabAsset: {fileID: 0}
  m_GameObject: {fileID: 0}
  m_Enabled: 1
  m_EditorHideFlags: 0
  m_Script: {fileID: 11500000, guid: f59269ddf8074ed2b0c4c889d39202db, type: 3}
  m_Name: 
  m_EditorClassIdentifier: 
--- !u!114 &57478867 stripped
MonoBehaviour:
  m_CorrespondingSourceObject: {fileID: 57478867, guid: 2d1ad6bbc209851409f4e098efeed709, type: 3}
  m_PrefabInstance: {fileID: 1990748208}
  m_PrefabAsset: {fileID: 0}
  m_GameObject: {fileID: 0}
  m_Enabled: 1
  m_EditorHideFlags: 0
  m_Script: {fileID: 11500000, guid: 770cda52559a4168a71919f1ed655c65, type: 3}
  m_Name: 
  m_EditorClassIdentifier: 
--- !u!114 &57478871 stripped
MonoBehaviour:
  m_CorrespondingSourceObject: {fileID: 57478871, guid: 2d1ad6bbc209851409f4e098efeed709, type: 3}
  m_PrefabInstance: {fileID: 1990748208}
  m_PrefabAsset: {fileID: 0}
  m_GameObject: {fileID: 0}
  m_Enabled: 1
  m_EditorHideFlags: 0
  m_Script: {fileID: 11500000, guid: dc0f325252b94e0c977b552370907df0, type: 3}
  m_Name: 
  m_EditorClassIdentifier: 
--- !u!1001 &250820004
PrefabInstance:
  m_ObjectHideFlags: 0
  serializedVersion: 2
  m_Modification:
    m_TransformParent: {fileID: 1770064292}
    m_Modifications:
    - target: {fileID: 1145404409961247584, guid: 8300ba75a09fbf340afeb240d20bba92, type: 3}
      propertyPath: m_Materials.Array.data[0]
      value: 
      objectReference: {fileID: 2100000, guid: 223856dc21c97c84e8980937f686a4d4, type: 2}
    - target: {fileID: 8635570322768982523, guid: 8300ba75a09fbf340afeb240d20bba92, type: 3}
      propertyPath: m_RootOrder
      value: 6
      objectReference: {fileID: 0}
    - target: {fileID: 8635570322768982523, guid: 8300ba75a09fbf340afeb240d20bba92, type: 3}
      propertyPath: m_LocalScale.z
      value: 0.29999998
      objectReference: {fileID: 0}
    - target: {fileID: 8635570322768982523, guid: 8300ba75a09fbf340afeb240d20bba92, type: 3}
      propertyPath: m_LocalPosition.x
      value: 14.940437
      objectReference: {fileID: 0}
    - target: {fileID: 8635570322768982523, guid: 8300ba75a09fbf340afeb240d20bba92, type: 3}
      propertyPath: m_LocalPosition.y
      value: -3.200004
      objectReference: {fileID: 0}
    - target: {fileID: 8635570322768982523, guid: 8300ba75a09fbf340afeb240d20bba92, type: 3}
      propertyPath: m_LocalPosition.z
      value: 7.4300094
      objectReference: {fileID: 0}
    - target: {fileID: 8635570322768982523, guid: 8300ba75a09fbf340afeb240d20bba92, type: 3}
      propertyPath: m_LocalRotation.w
      value: 0.7071068
      objectReference: {fileID: 0}
    - target: {fileID: 8635570322768982523, guid: 8300ba75a09fbf340afeb240d20bba92, type: 3}
      propertyPath: m_LocalRotation.x
      value: 0.7071068
      objectReference: {fileID: 0}
    - target: {fileID: 8635570322768982523, guid: 8300ba75a09fbf340afeb240d20bba92, type: 3}
      propertyPath: m_LocalRotation.y
      value: 0.00000049173826
      objectReference: {fileID: 0}
    - target: {fileID: 8635570322768982523, guid: 8300ba75a09fbf340afeb240d20bba92, type: 3}
      propertyPath: m_LocalRotation.z
      value: -0.000000050856713
      objectReference: {fileID: 0}
    - target: {fileID: 8635570322768982523, guid: 8300ba75a09fbf340afeb240d20bba92, type: 3}
      propertyPath: m_LocalEulerAnglesHint.x
      value: 90
      objectReference: {fileID: 0}
    - target: {fileID: 8635570322768982523, guid: 8300ba75a09fbf340afeb240d20bba92, type: 3}
      propertyPath: m_LocalEulerAnglesHint.y
      value: 0
      objectReference: {fileID: 0}
    - target: {fileID: 8635570322768982523, guid: 8300ba75a09fbf340afeb240d20bba92, type: 3}
      propertyPath: m_LocalEulerAnglesHint.z
      value: 0
      objectReference: {fileID: 0}
    - target: {fileID: 8979163735645793089, guid: 8300ba75a09fbf340afeb240d20bba92, type: 3}
      propertyPath: m_Name
      value: Book (9)
      objectReference: {fileID: 0}
    m_RemovedComponents: []
  m_SourcePrefab: {fileID: 100100000, guid: 8300ba75a09fbf340afeb240d20bba92, type: 3}
--- !u!4 &250820005 stripped
Transform:
  m_CorrespondingSourceObject: {fileID: 8635570322768982523, guid: 8300ba75a09fbf340afeb240d20bba92, type: 3}
  m_PrefabInstance: {fileID: 250820004}
  m_PrefabAsset: {fileID: 0}
--- !u!1001 &376435348
PrefabInstance:
  m_ObjectHideFlags: 0
  serializedVersion: 2
  m_Modification:
    m_TransformParent: {fileID: 0}
    m_Modifications:
    - target: {fileID: 3802361831733430651, guid: fae369e6780087644a5fd35f25f9deda, type: 3}
      propertyPath: m_Materials.Array.data[1]
      value: 
      objectReference: {fileID: 2100000, guid: 644c979a3869a0144a70eac1b283b2db, type: 2}
    - target: {fileID: 5043644056050272832, guid: fae369e6780087644a5fd35f25f9deda, type: 3}
      propertyPath: m_Name
      value: sc-fi-door
      objectReference: {fileID: 0}
    - target: {fileID: 5671526336625332474, guid: fae369e6780087644a5fd35f25f9deda, type: 3}
      propertyPath: m_RootOrder
      value: 11
      objectReference: {fileID: 0}
    - target: {fileID: 5671526336625332474, guid: fae369e6780087644a5fd35f25f9deda, type: 3}
      propertyPath: m_LocalScale.y
      value: 0.285424
      objectReference: {fileID: 0}
    - target: {fileID: 5671526336625332474, guid: fae369e6780087644a5fd35f25f9deda, type: 3}
      propertyPath: m_LocalScale.z
      value: 0.28270802
      objectReference: {fileID: 0}
    - target: {fileID: 5671526336625332474, guid: fae369e6780087644a5fd35f25f9deda, type: 3}
      propertyPath: m_LocalPosition.x
      value: -13.59
      objectReference: {fileID: 0}
    - target: {fileID: 5671526336625332474, guid: fae369e6780087644a5fd35f25f9deda, type: 3}
      propertyPath: m_LocalPosition.y
      value: 6.45
      objectReference: {fileID: 0}
    - target: {fileID: 5671526336625332474, guid: fae369e6780087644a5fd35f25f9deda, type: 3}
      propertyPath: m_LocalPosition.z
      value: 0.52
      objectReference: {fileID: 0}
    - target: {fileID: 5671526336625332474, guid: fae369e6780087644a5fd35f25f9deda, type: 3}
      propertyPath: m_LocalRotation.w
      value: 1
      objectReference: {fileID: 0}
    - target: {fileID: 5671526336625332474, guid: fae369e6780087644a5fd35f25f9deda, type: 3}
      propertyPath: m_LocalRotation.x
      value: -0
      objectReference: {fileID: 0}
    - target: {fileID: 5671526336625332474, guid: fae369e6780087644a5fd35f25f9deda, type: 3}
      propertyPath: m_LocalRotation.y
      value: -0
      objectReference: {fileID: 0}
    - target: {fileID: 5671526336625332474, guid: fae369e6780087644a5fd35f25f9deda, type: 3}
      propertyPath: m_LocalRotation.z
      value: -0
      objectReference: {fileID: 0}
    - target: {fileID: 5671526336625332474, guid: fae369e6780087644a5fd35f25f9deda, type: 3}
      propertyPath: m_LocalEulerAnglesHint.x
      value: 0
      objectReference: {fileID: 0}
    - target: {fileID: 5671526336625332474, guid: fae369e6780087644a5fd35f25f9deda, type: 3}
      propertyPath: m_LocalEulerAnglesHint.y
      value: 0
      objectReference: {fileID: 0}
    - target: {fileID: 5671526336625332474, guid: fae369e6780087644a5fd35f25f9deda, type: 3}
      propertyPath: m_LocalEulerAnglesHint.z
      value: 0
      objectReference: {fileID: 0}
    - target: {fileID: 6468037752434009742, guid: fae369e6780087644a5fd35f25f9deda, type: 3}
      propertyPath: m_Materials.Array.data[1]
      value: 
      objectReference: {fileID: 2100000, guid: 644c979a3869a0144a70eac1b283b2db, type: 2}
    m_RemovedComponents: []
  m_SourcePrefab: {fileID: 100100000, guid: fae369e6780087644a5fd35f25f9deda, type: 3}
--- !u!1 &457995689
GameObject:
  m_ObjectHideFlags: 0
  m_CorrespondingSourceObject: {fileID: 0}
  m_PrefabInstance: {fileID: 0}
  m_PrefabAsset: {fileID: 0}
  serializedVersion: 6
  m_Component:
  - component: {fileID: 457995693}
  - component: {fileID: 457995692}
  - component: {fileID: 457995691}
  - component: {fileID: 457995690}
  m_Layer: 0
  m_Name: floor (2)
  m_TagString: wall
  m_Icon: {fileID: 0}
  m_NavMeshLayer: 0
  m_StaticEditorFlags: 0
  m_IsActive: 1
--- !u!65 &457995690
BoxCollider:
  m_ObjectHideFlags: 0
  m_CorrespondingSourceObject: {fileID: 0}
  m_PrefabInstance: {fileID: 0}
  m_PrefabAsset: {fileID: 0}
  m_GameObject: {fileID: 457995689}
  m_Material: {fileID: 0}
  m_IsTrigger: 0
  m_Enabled: 1
  serializedVersion: 2
  m_Size: {x: 1, y: 1, z: 1}
  m_Center: {x: 0, y: 0, z: 0}
--- !u!23 &457995691
MeshRenderer:
  m_ObjectHideFlags: 0
  m_CorrespondingSourceObject: {fileID: 0}
  m_PrefabInstance: {fileID: 0}
  m_PrefabAsset: {fileID: 0}
  m_GameObject: {fileID: 457995689}
  m_Enabled: 1
  m_CastShadows: 1
  m_ReceiveShadows: 1
  m_DynamicOccludee: 1
  m_MotionVectors: 1
  m_LightProbeUsage: 1
  m_ReflectionProbeUsage: 1
  m_RayTracingMode: 2
  m_RayTraceProcedural: 0
  m_RenderingLayerMask: 1
  m_RendererPriority: 0
  m_Materials:
  - {fileID: 2100000, guid: 080f92a49c9a46e4d978970b3c2d2096, type: 2}
  m_StaticBatchInfo:
    firstSubMesh: 0
    subMeshCount: 0
  m_StaticBatchRoot: {fileID: 0}
  m_ProbeAnchor: {fileID: 0}
  m_LightProbeVolumeOverride: {fileID: 0}
  m_ScaleInLightmap: 1
  m_ReceiveGI: 1
  m_PreserveUVs: 0
  m_IgnoreNormalsForChartDetection: 0
  m_ImportantGI: 0
  m_StitchLightmapSeams: 1
  m_SelectedEditorRenderState: 3
  m_MinimumChartSize: 4
  m_AutoUVMaxDistance: 0.5
  m_AutoUVMaxAngle: 89
  m_LightmapParameters: {fileID: 0}
  m_SortingLayerID: 0
  m_SortingLayer: 0
  m_SortingOrder: 0
  m_AdditionalVertexStreams: {fileID: 0}
--- !u!33 &457995692
MeshFilter:
  m_ObjectHideFlags: 0
  m_CorrespondingSourceObject: {fileID: 0}
  m_PrefabInstance: {fileID: 0}
  m_PrefabAsset: {fileID: 0}
  m_GameObject: {fileID: 457995689}
  m_Mesh: {fileID: 10202, guid: 0000000000000000e000000000000000, type: 0}
--- !u!4 &457995693
Transform:
  m_ObjectHideFlags: 0
  m_CorrespondingSourceObject: {fileID: 0}
  m_PrefabInstance: {fileID: 0}
  m_PrefabAsset: {fileID: 0}
  m_GameObject: {fileID: 457995689}
  m_LocalRotation: {x: -0, y: 0.7071068, z: -0, w: 0.7071068}
  m_LocalPosition: {x: -16, y: 6, z: 1.1}
  m_LocalScale: {x: 13, y: 1, z: 10}
  m_Children: []
  m_Father: {fileID: 1958762987}
  m_RootOrder: 2
  m_LocalEulerAnglesHint: {x: 0, y: 90, z: 0}
--- !u!1001 &534398675
PrefabInstance:
  m_ObjectHideFlags: 0
  serializedVersion: 2
  m_Modification:
    m_TransformParent: {fileID: 1770064292}
    m_Modifications:
    - target: {fileID: 3815048914311046719, guid: 50f40cd0f24000046a67ad83e853c58c, type: 3}
      propertyPath: m_RootOrder
      value: 2
      objectReference: {fileID: 0}
    - target: {fileID: 3815048914311046719, guid: 50f40cd0f24000046a67ad83e853c58c, type: 3}
      propertyPath: m_LocalScale.x
      value: 0.59999996
      objectReference: {fileID: 0}
    - target: {fileID: 3815048914311046719, guid: 50f40cd0f24000046a67ad83e853c58c, type: 3}
      propertyPath: m_LocalScale.y
      value: 0.59999996
      objectReference: {fileID: 0}
    - target: {fileID: 3815048914311046719, guid: 50f40cd0f24000046a67ad83e853c58c, type: 3}
      propertyPath: m_LocalScale.z
      value: 0.59999996
      objectReference: {fileID: 0}
    - target: {fileID: 3815048914311046719, guid: 50f40cd0f24000046a67ad83e853c58c, type: 3}
      propertyPath: m_LocalPosition.x
      value: -3.16
      objectReference: {fileID: 0}
    - target: {fileID: 3815048914311046719, guid: 50f40cd0f24000046a67ad83e853c58c, type: 3}
      propertyPath: m_LocalPosition.y
      value: -7.92
      objectReference: {fileID: 0}
    - target: {fileID: 3815048914311046719, guid: 50f40cd0f24000046a67ad83e853c58c, type: 3}
      propertyPath: m_LocalPosition.z
      value: 7.4338794
      objectReference: {fileID: 0}
    - target: {fileID: 3815048914311046719, guid: 50f40cd0f24000046a67ad83e853c58c, type: 3}
      propertyPath: m_LocalRotation.w
      value: 0
      objectReference: {fileID: 0}
    - target: {fileID: 3815048914311046719, guid: 50f40cd0f24000046a67ad83e853c58c, type: 3}
      propertyPath: m_LocalRotation.x
      value: -0
      objectReference: {fileID: 0}
    - target: {fileID: 3815048914311046719, guid: 50f40cd0f24000046a67ad83e853c58c, type: 3}
      propertyPath: m_LocalRotation.y
      value: 1
      objectReference: {fileID: 0}
    - target: {fileID: 3815048914311046719, guid: 50f40cd0f24000046a67ad83e853c58c, type: 3}
      propertyPath: m_LocalRotation.z
      value: -0
      objectReference: {fileID: 0}
    - target: {fileID: 3815048914311046719, guid: 50f40cd0f24000046a67ad83e853c58c, type: 3}
      propertyPath: m_LocalEulerAnglesHint.x
      value: 0
      objectReference: {fileID: 0}
    - target: {fileID: 3815048914311046719, guid: 50f40cd0f24000046a67ad83e853c58c, type: 3}
      propertyPath: m_LocalEulerAnglesHint.y
      value: 0
      objectReference: {fileID: 0}
    - target: {fileID: 3815048914311046719, guid: 50f40cd0f24000046a67ad83e853c58c, type: 3}
      propertyPath: m_LocalEulerAnglesHint.z
      value: 0
      objectReference: {fileID: 0}
    - target: {fileID: 4592007418079067269, guid: 50f40cd0f24000046a67ad83e853c58c, type: 3}
      propertyPath: m_Name
      value: FlaskRoundYellow (1)
      objectReference: {fileID: 0}
    - target: {fileID: 5061210474965716850, guid: 50f40cd0f24000046a67ad83e853c58c, type: 3}
      propertyPath: m_Materials.Array.data[0]
      value: 
      objectReference: {fileID: 2100000, guid: c8077dd98a3b1c64a8323d55511b7d54, type: 2}
    m_RemovedComponents: []
  m_SourcePrefab: {fileID: 100100000, guid: 50f40cd0f24000046a67ad83e853c58c, type: 3}
--- !u!4 &534398676 stripped
Transform:
  m_CorrespondingSourceObject: {fileID: 3815048914311046719, guid: 50f40cd0f24000046a67ad83e853c58c, type: 3}
  m_PrefabInstance: {fileID: 534398675}
  m_PrefabAsset: {fileID: 0}
--- !u!114 &605234886 stripped
MonoBehaviour:
  m_CorrespondingSourceObject: {fileID: 5278208155518684739, guid: fae369e6780087644a5fd35f25f9deda, type: 3}
  m_PrefabInstance: {fileID: 376435348}
  m_PrefabAsset: {fileID: 0}
  m_GameObject: {fileID: 0}
  m_Enabled: 1
  m_EditorHideFlags: 0
  m_Script: {fileID: 11500000, guid: 4170512e0b7a4c28911f9b0d6db0213d, type: 3}
  m_Name: 
  m_EditorClassIdentifier: 
--- !u!1001 &748635346
PrefabInstance:
  m_ObjectHideFlags: 0
  serializedVersion: 2
  m_Modification:
    m_TransformParent: {fileID: 1770064292}
    m_Modifications:
    - target: {fileID: 1145404409961247584, guid: 8300ba75a09fbf340afeb240d20bba92, type: 3}
      propertyPath: m_Materials.Array.data[0]
      value: 
      objectReference: {fileID: 2100000, guid: 50fd3668935034441857b9e8e13482f4, type: 2}
    - target: {fileID: 8635570322768982523, guid: 8300ba75a09fbf340afeb240d20bba92, type: 3}
      propertyPath: m_RootOrder
      value: 7
      objectReference: {fileID: 0}
    - target: {fileID: 8635570322768982523, guid: 8300ba75a09fbf340afeb240d20bba92, type: 3}
      propertyPath: m_LocalScale.z
      value: 0.59999996
      objectReference: {fileID: 0}
    - target: {fileID: 8635570322768982523, guid: 8300ba75a09fbf340afeb240d20bba92, type: 3}
      propertyPath: m_LocalPosition.x
      value: 14.939999
      objectReference: {fileID: 0}
    - target: {fileID: 8635570322768982523, guid: 8300ba75a09fbf340afeb240d20bba92, type: 3}
      propertyPath: m_LocalPosition.y
      value: -3.51
      objectReference: {fileID: 0}
    - target: {fileID: 8635570322768982523, guid: 8300ba75a09fbf340afeb240d20bba92, type: 3}
      propertyPath: m_LocalPosition.z
      value: 7.4300075
      objectReference: {fileID: 0}
    - target: {fileID: 8635570322768982523, guid: 8300ba75a09fbf340afeb240d20bba92, type: 3}
      propertyPath: m_LocalRotation.w
      value: 0.7071068
      objectReference: {fileID: 0}
    - target: {fileID: 8635570322768982523, guid: 8300ba75a09fbf340afeb240d20bba92, type: 3}
      propertyPath: m_LocalRotation.x
      value: 0.7071068
      objectReference: {fileID: 0}
    - target: {fileID: 8635570322768982523, guid: 8300ba75a09fbf340afeb240d20bba92, type: 3}
      propertyPath: m_LocalRotation.y
      value: 0.00000049173826
      objectReference: {fileID: 0}
    - target: {fileID: 8635570322768982523, guid: 8300ba75a09fbf340afeb240d20bba92, type: 3}
      propertyPath: m_LocalRotation.z
      value: -0.000000050856713
      objectReference: {fileID: 0}
    - target: {fileID: 8635570322768982523, guid: 8300ba75a09fbf340afeb240d20bba92, type: 3}
      propertyPath: m_LocalEulerAnglesHint.x
      value: 90
      objectReference: {fileID: 0}
    - target: {fileID: 8635570322768982523, guid: 8300ba75a09fbf340afeb240d20bba92, type: 3}
      propertyPath: m_LocalEulerAnglesHint.y
      value: 0
      objectReference: {fileID: 0}
    - target: {fileID: 8635570322768982523, guid: 8300ba75a09fbf340afeb240d20bba92, type: 3}
      propertyPath: m_LocalEulerAnglesHint.z
      value: 0
      objectReference: {fileID: 0}
    - target: {fileID: 8979163735645793089, guid: 8300ba75a09fbf340afeb240d20bba92, type: 3}
      propertyPath: m_Name
      value: Book (6)
      objectReference: {fileID: 0}
    m_RemovedComponents: []
  m_SourcePrefab: {fileID: 100100000, guid: 8300ba75a09fbf340afeb240d20bba92, type: 3}
--- !u!4 &748635347 stripped
Transform:
  m_CorrespondingSourceObject: {fileID: 8635570322768982523, guid: 8300ba75a09fbf340afeb240d20bba92, type: 3}
  m_PrefabInstance: {fileID: 748635346}
  m_PrefabAsset: {fileID: 0}
--- !u!1001 &766549785
PrefabInstance:
  m_ObjectHideFlags: 0
  serializedVersion: 2
  m_Modification:
    m_TransformParent: {fileID: 1770064292}
    m_Modifications:
    - target: {fileID: 1570322879175338950, guid: 134d44543d6e4f546abb343a48e2ce4b, type: 3}
      propertyPath: m_Materials.Array.data[0]
      value: 
      objectReference: {fileID: 2100000, guid: 380ce2514106ab04e8ded8aa9eea00e3, type: 2}
    - target: {fileID: 7423663420450570891, guid: 134d44543d6e4f546abb343a48e2ce4b, type: 3}
      propertyPath: m_RootOrder
      value: 0
      objectReference: {fileID: 0}
    - target: {fileID: 7423663420450570891, guid: 134d44543d6e4f546abb343a48e2ce4b, type: 3}
      propertyPath: m_LocalScale.x
      value: 0.59999996
      objectReference: {fileID: 0}
    - target: {fileID: 7423663420450570891, guid: 134d44543d6e4f546abb343a48e2ce4b, type: 3}
      propertyPath: m_LocalScale.y
      value: 0.59999996
      objectReference: {fileID: 0}
    - target: {fileID: 7423663420450570891, guid: 134d44543d6e4f546abb343a48e2ce4b, type: 3}
      propertyPath: m_LocalScale.z
      value: 0.59999996
      objectReference: {fileID: 0}
    - target: {fileID: 7423663420450570891, guid: 134d44543d6e4f546abb343a48e2ce4b, type: 3}
      propertyPath: m_LocalPosition.x
      value: -4.449999
      objectReference: {fileID: 0}
    - target: {fileID: 7423663420450570891, guid: 134d44543d6e4f546abb343a48e2ce4b, type: 3}
      propertyPath: m_LocalPosition.y
      value: -7.92
      objectReference: {fileID: 0}
    - target: {fileID: 7423663420450570891, guid: 134d44543d6e4f546abb343a48e2ce4b, type: 3}
      propertyPath: m_LocalPosition.z
      value: 7.4338794
      objectReference: {fileID: 0}
    - target: {fileID: 7423663420450570891, guid: 134d44543d6e4f546abb343a48e2ce4b, type: 3}
      propertyPath: m_LocalRotation.w
      value: 0
      objectReference: {fileID: 0}
    - target: {fileID: 7423663420450570891, guid: 134d44543d6e4f546abb343a48e2ce4b, type: 3}
      propertyPath: m_LocalRotation.x
      value: -0
      objectReference: {fileID: 0}
    - target: {fileID: 7423663420450570891, guid: 134d44543d6e4f546abb343a48e2ce4b, type: 3}
      propertyPath: m_LocalRotation.y
      value: 1
      objectReference: {fileID: 0}
    - target: {fileID: 7423663420450570891, guid: 134d44543d6e4f546abb343a48e2ce4b, type: 3}
      propertyPath: m_LocalRotation.z
      value: -0
      objectReference: {fileID: 0}
    - target: {fileID: 7423663420450570891, guid: 134d44543d6e4f546abb343a48e2ce4b, type: 3}
      propertyPath: m_LocalEulerAnglesHint.x
      value: 0
      objectReference: {fileID: 0}
    - target: {fileID: 7423663420450570891, guid: 134d44543d6e4f546abb343a48e2ce4b, type: 3}
      propertyPath: m_LocalEulerAnglesHint.y
      value: 0
      objectReference: {fileID: 0}
    - target: {fileID: 7423663420450570891, guid: 134d44543d6e4f546abb343a48e2ce4b, type: 3}
      propertyPath: m_LocalEulerAnglesHint.z
      value: 0
      objectReference: {fileID: 0}
    - target: {fileID: 7804164350607153201, guid: 134d44543d6e4f546abb343a48e2ce4b, type: 3}
      propertyPath: m_Name
      value: FlaskRoundBlue
      objectReference: {fileID: 0}
    m_RemovedComponents: []
  m_SourcePrefab: {fileID: 100100000, guid: 134d44543d6e4f546abb343a48e2ce4b, type: 3}
--- !u!4 &766549786 stripped
Transform:
  m_CorrespondingSourceObject: {fileID: 7423663420450570891, guid: 134d44543d6e4f546abb343a48e2ce4b, type: 3}
  m_PrefabInstance: {fileID: 766549785}
  m_PrefabAsset: {fileID: 0}
--- !u!1001 &772043958
PrefabInstance:
  m_ObjectHideFlags: 0
  serializedVersion: 2
  m_Modification:
    m_TransformParent: {fileID: 1770064292}
    m_Modifications:
    - target: {fileID: 1145404409961247584, guid: 8300ba75a09fbf340afeb240d20bba92, type: 3}
      propertyPath: m_Materials.Array.data[0]
      value: 
      objectReference: {fileID: 2100000, guid: 50fd3668935034441857b9e8e13482f4, type: 2}
    - target: {fileID: 8635570322768982523, guid: 8300ba75a09fbf340afeb240d20bba92, type: 3}
      propertyPath: m_RootOrder
      value: 5
      objectReference: {fileID: 0}
    - target: {fileID: 8635570322768982523, guid: 8300ba75a09fbf340afeb240d20bba92, type: 3}
      propertyPath: m_LocalScale.z
      value: 0.29999998
      objectReference: {fileID: 0}
    - target: {fileID: 8635570322768982523, guid: 8300ba75a09fbf340afeb240d20bba92, type: 3}
      propertyPath: m_LocalPosition.x
      value: 16.83
      objectReference: {fileID: 0}
    - target: {fileID: 8635570322768982523, guid: 8300ba75a09fbf340afeb240d20bba92, type: 3}
      propertyPath: m_LocalPosition.y
      value: -2.72
      objectReference: {fileID: 0}
    - target: {fileID: 8635570322768982523, guid: 8300ba75a09fbf340afeb240d20bba92, type: 3}
      propertyPath: m_LocalPosition.z
      value: 7.46
      objectReference: {fileID: 0}
    - target: {fileID: 8635570322768982523, guid: 8300ba75a09fbf340afeb240d20bba92, type: 3}
      propertyPath: m_LocalRotation.w
      value: 0.7071068
      objectReference: {fileID: 0}
    - target: {fileID: 8635570322768982523, guid: 8300ba75a09fbf340afeb240d20bba92, type: 3}
      propertyPath: m_LocalRotation.x
      value: -0
      objectReference: {fileID: 0}
    - target: {fileID: 8635570322768982523, guid: 8300ba75a09fbf340afeb240d20bba92, type: 3}
      propertyPath: m_LocalRotation.y
      value: 0.7071068
      objectReference: {fileID: 0}
    - target: {fileID: 8635570322768982523, guid: 8300ba75a09fbf340afeb240d20bba92, type: 3}
      propertyPath: m_LocalRotation.z
      value: -0
      objectReference: {fileID: 0}
    - target: {fileID: 8635570322768982523, guid: 8300ba75a09fbf340afeb240d20bba92, type: 3}
      propertyPath: m_LocalEulerAnglesHint.x
      value: 0
      objectReference: {fileID: 0}
    - target: {fileID: 8635570322768982523, guid: 8300ba75a09fbf340afeb240d20bba92, type: 3}
      propertyPath: m_LocalEulerAnglesHint.y
      value: 90
      objectReference: {fileID: 0}
    - target: {fileID: 8635570322768982523, guid: 8300ba75a09fbf340afeb240d20bba92, type: 3}
      propertyPath: m_LocalEulerAnglesHint.z
      value: 0
      objectReference: {fileID: 0}
    - target: {fileID: 8979163735645793089, guid: 8300ba75a09fbf340afeb240d20bba92, type: 3}
      propertyPath: m_Name
      value: Book (3)
      objectReference: {fileID: 0}
    m_RemovedComponents: []
  m_SourcePrefab: {fileID: 100100000, guid: 8300ba75a09fbf340afeb240d20bba92, type: 3}
--- !u!4 &772043959 stripped
Transform:
  m_CorrespondingSourceObject: {fileID: 8635570322768982523, guid: 8300ba75a09fbf340afeb240d20bba92, type: 3}
  m_PrefabInstance: {fileID: 772043958}
  m_PrefabAsset: {fileID: 0}
--- !u!1001 &804441386
PrefabInstance:
  m_ObjectHideFlags: 0
  serializedVersion: 2
  m_Modification:
    m_TransformParent: {fileID: 0}
    m_Modifications:
    - target: {fileID: 3127814932526071839, guid: 05c47bcd6b92ffb449576184746de134, type: 3}
      propertyPath: m_RootOrder
      value: 9
      objectReference: {fileID: 0}
    - target: {fileID: 3127814932526071839, guid: 05c47bcd6b92ffb449576184746de134, type: 3}
      propertyPath: m_LocalPosition.x
      value: -6
      objectReference: {fileID: 0}
    - target: {fileID: 3127814932526071839, guid: 05c47bcd6b92ffb449576184746de134, type: 3}
      propertyPath: m_LocalPosition.y
      value: 0.5
      objectReference: {fileID: 0}
    - target: {fileID: 3127814932526071839, guid: 05c47bcd6b92ffb449576184746de134, type: 3}
      propertyPath: m_LocalPosition.z
      value: 2.1
      objectReference: {fileID: 0}
    - target: {fileID: 3127814932526071839, guid: 05c47bcd6b92ffb449576184746de134, type: 3}
      propertyPath: m_LocalRotation.w
      value: 1
      objectReference: {fileID: 0}
    - target: {fileID: 3127814932526071839, guid: 05c47bcd6b92ffb449576184746de134, type: 3}
      propertyPath: m_LocalRotation.x
      value: 0
      objectReference: {fileID: 0}
    - target: {fileID: 3127814932526071839, guid: 05c47bcd6b92ffb449576184746de134, type: 3}
      propertyPath: m_LocalRotation.y
      value: 0
      objectReference: {fileID: 0}
    - target: {fileID: 3127814932526071839, guid: 05c47bcd6b92ffb449576184746de134, type: 3}
      propertyPath: m_LocalRotation.z
      value: 0
      objectReference: {fileID: 0}
    - target: {fileID: 3127814932526071839, guid: 05c47bcd6b92ffb449576184746de134, type: 3}
      propertyPath: m_LocalEulerAnglesHint.x
      value: 0
      objectReference: {fileID: 0}
    - target: {fileID: 3127814932526071839, guid: 05c47bcd6b92ffb449576184746de134, type: 3}
      propertyPath: m_LocalEulerAnglesHint.y
      value: 0
      objectReference: {fileID: 0}
    - target: {fileID: 3127814932526071839, guid: 05c47bcd6b92ffb449576184746de134, type: 3}
      propertyPath: m_LocalEulerAnglesHint.z
      value: 0
      objectReference: {fileID: 0}
    - target: {fileID: 9146101267013347890, guid: 05c47bcd6b92ffb449576184746de134, type: 3}
      propertyPath: m_Name
      value: Light
      objectReference: {fileID: 0}
    m_RemovedComponents: []
  m_SourcePrefab: {fileID: 100100000, guid: 05c47bcd6b92ffb449576184746de134, type: 3}
--- !u!1001 &943904703
PrefabInstance:
  m_ObjectHideFlags: 0
  serializedVersion: 2
  m_Modification:
    m_TransformParent: {fileID: 1770064292}
    m_Modifications:
    - target: {fileID: 8623537436277020010, guid: 8300ba75a09fbf340afeb240d20bba92, type: 3}
      propertyPath: m_Materials.Array.data[0]
      value: 
      objectReference: {fileID: 2100000, guid: 50fd3668935034441857b9e8e13482f4, type: 2}
    - target: {fileID: 8635570322768982523, guid: 8300ba75a09fbf340afeb240d20bba92, type: 3}
      propertyPath: m_RootOrder
      value: 9
      objectReference: {fileID: 0}
    - target: {fileID: 8635570322768982523, guid: 8300ba75a09fbf340afeb240d20bba92, type: 3}
      propertyPath: m_LocalScale.z
      value: 1
      objectReference: {fileID: 0}
    - target: {fileID: 8635570322768982523, guid: 8300ba75a09fbf340afeb240d20bba92, type: 3}
      propertyPath: m_LocalPosition.x
      value: 16.371
      objectReference: {fileID: 0}
    - target: {fileID: 8635570322768982523, guid: 8300ba75a09fbf340afeb240d20bba92, type: 3}
      propertyPath: m_LocalPosition.y
      value: -2.72
      objectReference: {fileID: 0}
    - target: {fileID: 8635570322768982523, guid: 8300ba75a09fbf340afeb240d20bba92, type: 3}
      propertyPath: m_LocalPosition.z
      value: 7.46
      objectReference: {fileID: 0}
    - target: {fileID: 8635570322768982523, guid: 8300ba75a09fbf340afeb240d20bba92, type: 3}
      propertyPath: m_LocalRotation.w
      value: 0.7071068
      objectReference: {fileID: 0}
    - target: {fileID: 8635570322768982523, guid: 8300ba75a09fbf340afeb240d20bba92, type: 3}
      propertyPath: m_LocalRotation.x
      value: -0
      objectReference: {fileID: 0}
    - target: {fileID: 8635570322768982523, guid: 8300ba75a09fbf340afeb240d20bba92, type: 3}
      propertyPath: m_LocalRotation.y
      value: 0.7071068
      objectReference: {fileID: 0}
    - target: {fileID: 8635570322768982523, guid: 8300ba75a09fbf340afeb240d20bba92, type: 3}
      propertyPath: m_LocalRotation.z
      value: -0
      objectReference: {fileID: 0}
    - target: {fileID: 8635570322768982523, guid: 8300ba75a09fbf340afeb240d20bba92, type: 3}
      propertyPath: m_LocalEulerAnglesHint.x
      value: 0
      objectReference: {fileID: 0}
    - target: {fileID: 8635570322768982523, guid: 8300ba75a09fbf340afeb240d20bba92, type: 3}
      propertyPath: m_LocalEulerAnglesHint.y
      value: 90
      objectReference: {fileID: 0}
    - target: {fileID: 8635570322768982523, guid: 8300ba75a09fbf340afeb240d20bba92, type: 3}
      propertyPath: m_LocalEulerAnglesHint.z
      value: 0
      objectReference: {fileID: 0}
    - target: {fileID: 8979163735645793089, guid: 8300ba75a09fbf340afeb240d20bba92, type: 3}
      propertyPath: m_Name
      value: Book (4)
      objectReference: {fileID: 0}
    m_RemovedComponents: []
  m_SourcePrefab: {fileID: 100100000, guid: 8300ba75a09fbf340afeb240d20bba92, type: 3}
--- !u!4 &943904704 stripped
Transform:
  m_CorrespondingSourceObject: {fileID: 8635570322768982523, guid: 8300ba75a09fbf340afeb240d20bba92, type: 3}
  m_PrefabInstance: {fileID: 943904703}
  m_PrefabAsset: {fileID: 0}
--- !u!114 &1004060237 stripped
MonoBehaviour:
  m_CorrespondingSourceObject: {fileID: 7927074884213575457, guid: 1b8211d4841bc574ca138ab645d9f2ce, type: 3}
  m_PrefabInstance: {fileID: 1700210277}
  m_PrefabAsset: {fileID: 0}
  m_GameObject: {fileID: 0}
  m_Enabled: 1
  m_EditorHideFlags: 0
  m_Script: {fileID: 11500000, guid: 4e435a3d1d3946999d821ae46aea081f, type: 3}
  m_Name: 
  m_EditorClassIdentifier: 
--- !u!1 &1021632595
GameObject:
  m_ObjectHideFlags: 0
  m_CorrespondingSourceObject: {fileID: 0}
  m_PrefabInstance: {fileID: 0}
  m_PrefabAsset: {fileID: 0}
  serializedVersion: 6
  m_Component:
  - component: {fileID: 1021632596}
  m_Layer: 0
  m_Name: A
  m_TagString: Untagged
  m_Icon: {fileID: 0}
  m_NavMeshLayer: 0
  m_StaticEditorFlags: 0
  m_IsActive: 1
--- !u!4 &1021632596
Transform:
  m_ObjectHideFlags: 0
  m_CorrespondingSourceObject: {fileID: 0}
  m_PrefabInstance: {fileID: 0}
  m_PrefabAsset: {fileID: 0}
  m_GameObject: {fileID: 1021632595}
  m_LocalRotation: {x: 0, y: 0, z: 0, w: 1}
  m_LocalPosition: {x: -6.03, y: -6.75, z: -2}
  m_LocalScale: {x: 1, y: 1, z: 1}
  m_Children: []
  m_Father: {fileID: 0}
  m_RootOrder: 8
  m_LocalEulerAnglesHint: {x: 0, y: 0, z: 0}
--- !u!1001 &1092507770
PrefabInstance:
  m_ObjectHideFlags: 0
  serializedVersion: 2
  m_Modification:
    m_TransformParent: {fileID: 1770064292}
    m_Modifications:
    - target: {fileID: 1145404409961247584, guid: 8300ba75a09fbf340afeb240d20bba92, type: 3}
      propertyPath: m_Materials.Array.data[0]
      value: 
      objectReference: {fileID: 2100000, guid: 223856dc21c97c84e8980937f686a4d4, type: 2}
    - target: {fileID: 8635570322768982523, guid: 8300ba75a09fbf340afeb240d20bba92, type: 3}
      propertyPath: m_RootOrder
      value: 8
      objectReference: {fileID: 0}
    - target: {fileID: 8635570322768982523, guid: 8300ba75a09fbf340afeb240d20bba92, type: 3}
      propertyPath: m_LocalScale.z
      value: 0.59999996
      objectReference: {fileID: 0}
    - target: {fileID: 8635570322768982523, guid: 8300ba75a09fbf340afeb240d20bba92, type: 3}
      propertyPath: m_LocalPosition.x
      value: 17.560001
      objectReference: {fileID: 0}
    - target: {fileID: 8635570322768982523, guid: 8300ba75a09fbf340afeb240d20bba92, type: 3}
      propertyPath: m_LocalPosition.y
      value: -2.72
      objectReference: {fileID: 0}
    - target: {fileID: 8635570322768982523, guid: 8300ba75a09fbf340afeb240d20bba92, type: 3}
      propertyPath: m_LocalPosition.z
      value: 7.46
      objectReference: {fileID: 0}
    - target: {fileID: 8635570322768982523, guid: 8300ba75a09fbf340afeb240d20bba92, type: 3}
      propertyPath: m_LocalRotation.w
      value: 0.7071068
      objectReference: {fileID: 0}
    - target: {fileID: 8635570322768982523, guid: 8300ba75a09fbf340afeb240d20bba92, type: 3}
      propertyPath: m_LocalRotation.x
      value: -0
      objectReference: {fileID: 0}
    - target: {fileID: 8635570322768982523, guid: 8300ba75a09fbf340afeb240d20bba92, type: 3}
      propertyPath: m_LocalRotation.y
      value: 0.7071068
      objectReference: {fileID: 0}
    - target: {fileID: 8635570322768982523, guid: 8300ba75a09fbf340afeb240d20bba92, type: 3}
      propertyPath: m_LocalRotation.z
      value: -0
      objectReference: {fileID: 0}
    - target: {fileID: 8635570322768982523, guid: 8300ba75a09fbf340afeb240d20bba92, type: 3}
      propertyPath: m_LocalEulerAnglesHint.x
      value: 0
      objectReference: {fileID: 0}
    - target: {fileID: 8635570322768982523, guid: 8300ba75a09fbf340afeb240d20bba92, type: 3}
      propertyPath: m_LocalEulerAnglesHint.y
      value: 90
      objectReference: {fileID: 0}
    - target: {fileID: 8635570322768982523, guid: 8300ba75a09fbf340afeb240d20bba92, type: 3}
      propertyPath: m_LocalEulerAnglesHint.z
      value: 0
      objectReference: {fileID: 0}
    - target: {fileID: 8979163735645793089, guid: 8300ba75a09fbf340afeb240d20bba92, type: 3}
      propertyPath: m_Name
      value: Book (1)
      objectReference: {fileID: 0}
    m_RemovedComponents: []
  m_SourcePrefab: {fileID: 100100000, guid: 8300ba75a09fbf340afeb240d20bba92, type: 3}
--- !u!4 &1092507771 stripped
Transform:
  m_CorrespondingSourceObject: {fileID: 8635570322768982523, guid: 8300ba75a09fbf340afeb240d20bba92, type: 3}
  m_PrefabInstance: {fileID: 1092507770}
  m_PrefabAsset: {fileID: 0}
--- !u!1001 &1122732493
PrefabInstance:
  m_ObjectHideFlags: 0
  serializedVersion: 2
  m_Modification:
    m_TransformParent: {fileID: 1770064292}
    m_Modifications:
    - target: {fileID: 1145404409961247584, guid: 8300ba75a09fbf340afeb240d20bba92, type: 3}
      propertyPath: m_Materials.Array.data[0]
      value: 
      objectReference: {fileID: 2100000, guid: ac84d86a0e6699440acf2cf461c901f6, type: 2}
    - target: {fileID: 8635570322768982523, guid: 8300ba75a09fbf340afeb240d20bba92, type: 3}
      propertyPath: m_RootOrder
      value: 3
      objectReference: {fileID: 0}
    - target: {fileID: 8635570322768982523, guid: 8300ba75a09fbf340afeb240d20bba92, type: 3}
      propertyPath: m_LocalScale.z
      value: 0.59999996
      objectReference: {fileID: 0}
    - target: {fileID: 8635570322768982523, guid: 8300ba75a09fbf340afeb240d20bba92, type: 3}
      propertyPath: m_LocalPosition.x
      value: 17.146002
      objectReference: {fileID: 0}
    - target: {fileID: 8635570322768982523, guid: 8300ba75a09fbf340afeb240d20bba92, type: 3}
      propertyPath: m_LocalPosition.y
      value: -2.72
      objectReference: {fileID: 0}
    - target: {fileID: 8635570322768982523, guid: 8300ba75a09fbf340afeb240d20bba92, type: 3}
      propertyPath: m_LocalPosition.z
      value: 7.46
      objectReference: {fileID: 0}
    - target: {fileID: 8635570322768982523, guid: 8300ba75a09fbf340afeb240d20bba92, type: 3}
      propertyPath: m_LocalRotation.w
      value: 0.7071068
      objectReference: {fileID: 0}
    - target: {fileID: 8635570322768982523, guid: 8300ba75a09fbf340afeb240d20bba92, type: 3}
      propertyPath: m_LocalRotation.x
      value: -0
      objectReference: {fileID: 0}
    - target: {fileID: 8635570322768982523, guid: 8300ba75a09fbf340afeb240d20bba92, type: 3}
      propertyPath: m_LocalRotation.y
      value: 0.7071068
      objectReference: {fileID: 0}
    - target: {fileID: 8635570322768982523, guid: 8300ba75a09fbf340afeb240d20bba92, type: 3}
      propertyPath: m_LocalRotation.z
      value: -0
      objectReference: {fileID: 0}
    - target: {fileID: 8635570322768982523, guid: 8300ba75a09fbf340afeb240d20bba92, type: 3}
      propertyPath: m_LocalEulerAnglesHint.x
      value: 0
      objectReference: {fileID: 0}
    - target: {fileID: 8635570322768982523, guid: 8300ba75a09fbf340afeb240d20bba92, type: 3}
      propertyPath: m_LocalEulerAnglesHint.y
      value: 90
      objectReference: {fileID: 0}
    - target: {fileID: 8635570322768982523, guid: 8300ba75a09fbf340afeb240d20bba92, type: 3}
      propertyPath: m_LocalEulerAnglesHint.z
      value: 0
      objectReference: {fileID: 0}
    - target: {fileID: 8979163735645793089, guid: 8300ba75a09fbf340afeb240d20bba92, type: 3}
      propertyPath: m_Name
      value: Book (2)
      objectReference: {fileID: 0}
    m_RemovedComponents: []
  m_SourcePrefab: {fileID: 100100000, guid: 8300ba75a09fbf340afeb240d20bba92, type: 3}
--- !u!4 &1122732494 stripped
Transform:
  m_CorrespondingSourceObject: {fileID: 8635570322768982523, guid: 8300ba75a09fbf340afeb240d20bba92, type: 3}
  m_PrefabInstance: {fileID: 1122732493}
  m_PrefabAsset: {fileID: 0}
--- !u!1 &1190248876
GameObject:
  m_ObjectHideFlags: 0
  m_CorrespondingSourceObject: {fileID: 0}
  m_PrefabInstance: {fileID: 0}
  m_PrefabAsset: {fileID: 0}
  serializedVersion: 6
  m_Component:
  - component: {fileID: 1190248880}
  - component: {fileID: 1190248879}
  - component: {fileID: 1190248878}
  - component: {fileID: 1190248877}
  - component: {fileID: 1190248881}
  m_Layer: 0
  m_Name: floor (1)
  m_TagString: wall
  m_Icon: {fileID: 0}
  m_NavMeshLayer: 0
  m_StaticEditorFlags: 0
  m_IsActive: 1
--- !u!65 &1190248877
BoxCollider:
  m_ObjectHideFlags: 0
  m_CorrespondingSourceObject: {fileID: 0}
  m_PrefabInstance: {fileID: 0}
  m_PrefabAsset: {fileID: 0}
  m_GameObject: {fileID: 1190248876}
  m_Material: {fileID: 0}
  m_IsTrigger: 0
  m_Enabled: 1
  serializedVersion: 2
  m_Size: {x: 1, y: 1, z: 1}
  m_Center: {x: 0, y: 0, z: 0}
--- !u!23 &1190248878
MeshRenderer:
  m_ObjectHideFlags: 0
  m_CorrespondingSourceObject: {fileID: 0}
  m_PrefabInstance: {fileID: 0}
  m_PrefabAsset: {fileID: 0}
  m_GameObject: {fileID: 1190248876}
  m_Enabled: 1
  m_CastShadows: 1
  m_ReceiveShadows: 1
  m_DynamicOccludee: 1
  m_MotionVectors: 1
  m_LightProbeUsage: 1
  m_ReflectionProbeUsage: 1
  m_RayTracingMode: 2
  m_RayTraceProcedural: 0
  m_RenderingLayerMask: 1
  m_RendererPriority: 0
  m_Materials:
  - {fileID: 2100000, guid: 080f92a49c9a46e4d978970b3c2d2096, type: 2}
  m_StaticBatchInfo:
    firstSubMesh: 0
    subMeshCount: 0
  m_StaticBatchRoot: {fileID: 0}
  m_ProbeAnchor: {fileID: 0}
  m_LightProbeVolumeOverride: {fileID: 0}
  m_ScaleInLightmap: 1
  m_ReceiveGI: 1
  m_PreserveUVs: 0
  m_IgnoreNormalsForChartDetection: 0
  m_ImportantGI: 0
  m_StitchLightmapSeams: 1
  m_SelectedEditorRenderState: 3
  m_MinimumChartSize: 4
  m_AutoUVMaxDistance: 0.5
  m_AutoUVMaxAngle: 89
  m_LightmapParameters: {fileID: 0}
  m_SortingLayerID: 0
  m_SortingLayer: 0
  m_SortingOrder: 0
  m_AdditionalVertexStreams: {fileID: 0}
--- !u!33 &1190248879
MeshFilter:
  m_ObjectHideFlags: 0
  m_CorrespondingSourceObject: {fileID: 0}
  m_PrefabInstance: {fileID: 0}
  m_PrefabAsset: {fileID: 0}
  m_GameObject: {fileID: 1190248876}
  m_Mesh: {fileID: 10202, guid: 0000000000000000e000000000000000, type: 0}
--- !u!4 &1190248880
Transform:
  m_ObjectHideFlags: 0
  m_CorrespondingSourceObject: {fileID: 0}
  m_PrefabInstance: {fileID: 0}
  m_PrefabAsset: {fileID: 0}
  m_GameObject: {fileID: 1190248876}
  m_LocalRotation: {x: -0, y: 0.7071068, z: -0, w: 0.7071068}
  m_LocalPosition: {x: 2, y: -10.56, z: 1.1000029}
  m_LocalScale: {x: 13, y: 4, z: 18}
  m_Children: []
  m_Father: {fileID: 1958762987}
  m_RootOrder: 1
  m_LocalEulerAnglesHint: {x: 0, y: 90, z: 0}
--- !u!54 &1190248881
Rigidbody:
  m_ObjectHideFlags: 0
  m_CorrespondingSourceObject: {fileID: 0}
  m_PrefabInstance: {fileID: 0}
  m_PrefabAsset: {fileID: 0}
  m_GameObject: {fileID: 1190248876}
  serializedVersion: 2
  m_Mass: 1
  m_Drag: 0
  m_AngularDrag: 0.05
  m_UseGravity: 1
  m_IsKinematic: 1
  m_Interpolate: 0
  m_Constraints: 0
  m_CollisionDetection: 0
--- !u!1001 &1372296288
PrefabInstance:
  m_ObjectHideFlags: 0
  serializedVersion: 2
  m_Modification:
    m_TransformParent: {fileID: 1770064292}
    m_Modifications:
    - target: {fileID: 17765660326919251, guid: 218722cd5bd296c4fbbe61a93247eb97, type: 3}
      propertyPath: m_RootOrder
      value: 10
      objectReference: {fileID: 0}
    - target: {fileID: 17765660326919251, guid: 218722cd5bd296c4fbbe61a93247eb97, type: 3}
      propertyPath: m_LocalScale.x
      value: 0.5
      objectReference: {fileID: 0}
    - target: {fileID: 17765660326919251, guid: 218722cd5bd296c4fbbe61a93247eb97, type: 3}
      propertyPath: m_LocalScale.y
      value: 0.5
      objectReference: {fileID: 0}
    - target: {fileID: 17765660326919251, guid: 218722cd5bd296c4fbbe61a93247eb97, type: 3}
      propertyPath: m_LocalScale.z
      value: 0.5
      objectReference: {fileID: 0}
    - target: {fileID: 17765660326919251, guid: 218722cd5bd296c4fbbe61a93247eb97, type: 3}
      propertyPath: m_LocalPosition.x
      value: 21.95
      objectReference: {fileID: 0}
    - target: {fileID: 17765660326919251, guid: 218722cd5bd296c4fbbe61a93247eb97, type: 3}
      propertyPath: m_LocalPosition.y
      value: 0.12
      objectReference: {fileID: 0}
    - target: {fileID: 17765660326919251, guid: 218722cd5bd296c4fbbe61a93247eb97, type: 3}
      propertyPath: m_LocalPosition.z
      value: 7.9664083
      objectReference: {fileID: 0}
    - target: {fileID: 17765660326919251, guid: 218722cd5bd296c4fbbe61a93247eb97, type: 3}
      propertyPath: m_LocalRotation.w
      value: 0
      objectReference: {fileID: 0}
    - target: {fileID: 17765660326919251, guid: 218722cd5bd296c4fbbe61a93247eb97, type: 3}
      propertyPath: m_LocalRotation.x
      value: -0
      objectReference: {fileID: 0}
    - target: {fileID: 17765660326919251, guid: 218722cd5bd296c4fbbe61a93247eb97, type: 3}
      propertyPath: m_LocalRotation.y
      value: 1
      objectReference: {fileID: 0}
    - target: {fileID: 17765660326919251, guid: 218722cd5bd296c4fbbe61a93247eb97, type: 3}
      propertyPath: m_LocalRotation.z
      value: -0
      objectReference: {fileID: 0}
    - target: {fileID: 17765660326919251, guid: 218722cd5bd296c4fbbe61a93247eb97, type: 3}
      propertyPath: m_LocalEulerAnglesHint.x
      value: 0
      objectReference: {fileID: 0}
    - target: {fileID: 17765660326919251, guid: 218722cd5bd296c4fbbe61a93247eb97, type: 3}
      propertyPath: m_LocalEulerAnglesHint.y
      value: 0
      objectReference: {fileID: 0}
    - target: {fileID: 17765660326919251, guid: 218722cd5bd296c4fbbe61a93247eb97, type: 3}
      propertyPath: m_LocalEulerAnglesHint.z
      value: 0
      objectReference: {fileID: 0}
    - target: {fileID: 825510489991423721, guid: 218722cd5bd296c4fbbe61a93247eb97, type: 3}
      propertyPath: m_Name
      value: TubeCollection (1)
      objectReference: {fileID: 0}
    - target: {fileID: 4104267513047825093, guid: 218722cd5bd296c4fbbe61a93247eb97, type: 3}
      propertyPath: m_Materials.Array.data[0]
      value: 
      objectReference: {fileID: 2100000, guid: 70cf435d77e828a429b7afa9d47b27a2, type: 2}
    - target: {fileID: 7486980000048681329, guid: 218722cd5bd296c4fbbe61a93247eb97, type: 3}
      propertyPath: m_Materials.Array.data[0]
      value: 
      objectReference: {fileID: 2100000, guid: 70cf435d77e828a429b7afa9d47b27a2, type: 2}
    - target: {fileID: 7705998920883060249, guid: 218722cd5bd296c4fbbe61a93247eb97, type: 3}
      propertyPath: m_Materials.Array.data[0]
      value: 
      objectReference: {fileID: 2100000, guid: fb60f342e50425546abc095e1665f247, type: 2}
    - target: {fileID: 8861027422678063074, guid: 218722cd5bd296c4fbbe61a93247eb97, type: 3}
      propertyPath: m_Materials.Array.data[0]
      value: 
      objectReference: {fileID: 2100000, guid: d11cf291baa982e43a05110442ca8b12, type: 2}
    m_RemovedComponents: []
  m_SourcePrefab: {fileID: 100100000, guid: 218722cd5bd296c4fbbe61a93247eb97, type: 3}
--- !u!4 &1372296289 stripped
Transform:
  m_CorrespondingSourceObject: {fileID: 17765660326919251, guid: 218722cd5bd296c4fbbe61a93247eb97, type: 3}
  m_PrefabInstance: {fileID: 1372296288}
  m_PrefabAsset: {fileID: 0}
--- !u!1 &1639981377
GameObject:
  m_ObjectHideFlags: 0
  m_CorrespondingSourceObject: {fileID: 0}
  m_PrefabInstance: {fileID: 0}
  m_PrefabAsset: {fileID: 0}
  serializedVersion: 6
  m_Component:
  - component: {fileID: 1639981381}
  - component: {fileID: 1639981380}
  - component: {fileID: 1639981379}
  - component: {fileID: 1639981378}
  m_Layer: 0
  m_Name: floor
  m_TagString: wall
  m_Icon: {fileID: 0}
  m_NavMeshLayer: 0
  m_StaticEditorFlags: 0
  m_IsActive: 1
--- !u!65 &1639981378
BoxCollider:
  m_ObjectHideFlags: 0
  m_CorrespondingSourceObject: {fileID: 0}
  m_PrefabInstance: {fileID: 0}
  m_PrefabAsset: {fileID: 0}
  m_GameObject: {fileID: 1639981377}
  m_Material: {fileID: 0}
  m_IsTrigger: 0
  m_Enabled: 1
  serializedVersion: 2
  m_Size: {x: 1, y: 1, z: 1}
  m_Center: {x: 0, y: 0, z: 0}
--- !u!23 &1639981379
MeshRenderer:
  m_ObjectHideFlags: 0
  m_CorrespondingSourceObject: {fileID: 0}
  m_PrefabInstance: {fileID: 0}
  m_PrefabAsset: {fileID: 0}
  m_GameObject: {fileID: 1639981377}
  m_Enabled: 1
  m_CastShadows: 1
  m_ReceiveShadows: 1
  m_DynamicOccludee: 1
  m_MotionVectors: 1
  m_LightProbeUsage: 1
  m_ReflectionProbeUsage: 1
  m_RayTracingMode: 2
  m_RayTraceProcedural: 0
  m_RenderingLayerMask: 1
  m_RendererPriority: 0
  m_Materials:
  - {fileID: 2100000, guid: 080f92a49c9a46e4d978970b3c2d2096, type: 2}
  m_StaticBatchInfo:
    firstSubMesh: 0
    subMeshCount: 0
  m_StaticBatchRoot: {fileID: 0}
  m_ProbeAnchor: {fileID: 0}
  m_LightProbeVolumeOverride: {fileID: 0}
  m_ScaleInLightmap: 1
  m_ReceiveGI: 1
  m_PreserveUVs: 0
  m_IgnoreNormalsForChartDetection: 0
  m_ImportantGI: 0
  m_StitchLightmapSeams: 1
  m_SelectedEditorRenderState: 3
  m_MinimumChartSize: 4
  m_AutoUVMaxDistance: 0.5
  m_AutoUVMaxAngle: 89
  m_LightmapParameters: {fileID: 0}
  m_SortingLayerID: 0
  m_SortingLayer: 0
  m_SortingOrder: 0
  m_AdditionalVertexStreams: {fileID: 0}
--- !u!33 &1639981380
MeshFilter:
  m_ObjectHideFlags: 0
  m_CorrespondingSourceObject: {fileID: 0}
  m_PrefabInstance: {fileID: 0}
  m_PrefabAsset: {fileID: 0}
  m_GameObject: {fileID: 1639981377}
  m_Mesh: {fileID: 10202, guid: 0000000000000000e000000000000000, type: 0}
--- !u!4 &1639981381
Transform:
  m_ObjectHideFlags: 0
  m_CorrespondingSourceObject: {fileID: 0}
  m_PrefabInstance: {fileID: 0}
  m_PrefabAsset: {fileID: 0}
  m_GameObject: {fileID: 1639981377}
  m_LocalRotation: {x: -0, y: 0.7071068, z: -0, w: 0.7071068}
  m_LocalPosition: {x: -17, y: -10.56, z: 1.1000005}
  m_LocalScale: {x: 13, y: 4, z: 8}
  m_Children: []
  m_Father: {fileID: 1958762987}
  m_RootOrder: 0
  m_LocalEulerAnglesHint: {x: 0, y: 90, z: 0}
--- !u!1001 &1700210277
PrefabInstance:
  m_ObjectHideFlags: 0
  serializedVersion: 2
  m_Modification:
    m_TransformParent: {fileID: 0}
    m_Modifications:
    - target: {fileID: 7927074884213574879, guid: 1b8211d4841bc574ca138ab645d9f2ce, type: 3}
      propertyPath: m_RootOrder
      value: 7
      objectReference: {fileID: 0}
    - target: {fileID: 7927074884213574879, guid: 1b8211d4841bc574ca138ab645d9f2ce, type: 3}
      propertyPath: m_LocalPosition.x
      value: -10
      objectReference: {fileID: 0}
    - target: {fileID: 7927074884213574879, guid: 1b8211d4841bc574ca138ab645d9f2ce, type: 3}
      propertyPath: m_LocalPosition.y
      value: -12.55
      objectReference: {fileID: 0}
    - target: {fileID: 7927074884213574879, guid: 1b8211d4841bc574ca138ab645d9f2ce, type: 3}
      propertyPath: m_LocalPosition.z
      value: -2
      objectReference: {fileID: 0}
    - target: {fileID: 7927074884213574879, guid: 1b8211d4841bc574ca138ab645d9f2ce, type: 3}
      propertyPath: m_LocalRotation.w
      value: 1
      objectReference: {fileID: 0}
    - target: {fileID: 7927074884213574879, guid: 1b8211d4841bc574ca138ab645d9f2ce, type: 3}
      propertyPath: m_LocalRotation.x
      value: 0
      objectReference: {fileID: 0}
    - target: {fileID: 7927074884213574879, guid: 1b8211d4841bc574ca138ab645d9f2ce, type: 3}
      propertyPath: m_LocalRotation.y
      value: 0
      objectReference: {fileID: 0}
    - target: {fileID: 7927074884213574879, guid: 1b8211d4841bc574ca138ab645d9f2ce, type: 3}
      propertyPath: m_LocalRotation.z
      value: 0
      objectReference: {fileID: 0}
    - target: {fileID: 7927074884213574879, guid: 1b8211d4841bc574ca138ab645d9f2ce, type: 3}
      propertyPath: m_LocalEulerAnglesHint.x
      value: 0
      objectReference: {fileID: 0}
    - target: {fileID: 7927074884213574879, guid: 1b8211d4841bc574ca138ab645d9f2ce, type: 3}
      propertyPath: m_LocalEulerAnglesHint.y
      value: 0
      objectReference: {fileID: 0}
    - target: {fileID: 7927074884213574879, guid: 1b8211d4841bc574ca138ab645d9f2ce, type: 3}
      propertyPath: m_LocalEulerAnglesHint.z
      value: 0
      objectReference: {fileID: 0}
    - target: {fileID: 7927074884213575458, guid: 1b8211d4841bc574ca138ab645d9f2ce, type: 3}
      propertyPath: m_Name
      value: Button
      objectReference: {fileID: 0}
    m_RemovedComponents: []
  m_SourcePrefab: {fileID: 100100000, guid: 1b8211d4841bc574ca138ab645d9f2ce, type: 3}
--- !u!1 &1708544143
GameObject:
  m_ObjectHideFlags: 0
  m_CorrespondingSourceObject: {fileID: 0}
  m_PrefabInstance: {fileID: 0}
  m_PrefabAsset: {fileID: 0}
  serializedVersion: 6
  m_Component:
  - component: {fileID: 1708544144}
  m_Layer: 0
  m_Name: B
  m_TagString: Untagged
  m_Icon: {fileID: 0}
  m_NavMeshLayer: 0
  m_StaticEditorFlags: 0
  m_IsActive: 1
--- !u!4 &1708544144
Transform:
  m_ObjectHideFlags: 0
  m_CorrespondingSourceObject: {fileID: 0}
  m_PrefabInstance: {fileID: 0}
  m_PrefabAsset: {fileID: 0}
  m_GameObject: {fileID: 1708544143}
  m_LocalRotation: {x: 0, y: 0, z: 0, w: 1}
  m_LocalPosition: {x: 8.96, y: -6.75, z: -2}
  m_LocalScale: {x: 1, y: 1, z: 1}
  m_Children: []
  m_Father: {fileID: 0}
  m_RootOrder: 10
  m_LocalEulerAnglesHint: {x: 0, y: 0, z: 0}
--- !u!1 &1714942931
GameObject:
  m_ObjectHideFlags: 0
  m_CorrespondingSourceObject: {fileID: 0}
  m_PrefabInstance: {fileID: 0}
  m_PrefabAsset: {fileID: 0}
  serializedVersion: 6
  m_Component:
  - component: {fileID: 1714942935}
  - component: {fileID: 1714942934}
  - component: {fileID: 1714942933}
  - component: {fileID: 1714942932}
  m_Layer: 0
  m_Name: floor (5)
  m_TagString: wall
  m_Icon: {fileID: 0}
  m_NavMeshLayer: 0
  m_StaticEditorFlags: 0
  m_IsActive: 1
--- !u!65 &1714942932
BoxCollider:
  m_ObjectHideFlags: 0
  m_CorrespondingSourceObject: {fileID: 0}
  m_PrefabInstance: {fileID: 0}
  m_PrefabAsset: {fileID: 0}
  m_GameObject: {fileID: 1714942931}
  m_Material: {fileID: 0}
  m_IsTrigger: 0
  m_Enabled: 1
  serializedVersion: 2
  m_Size: {x: 1, y: 1, z: 1}
  m_Center: {x: 0, y: 0, z: 0}
--- !u!23 &1714942933
MeshRenderer:
  m_ObjectHideFlags: 0
  m_CorrespondingSourceObject: {fileID: 0}
  m_PrefabInstance: {fileID: 0}
  m_PrefabAsset: {fileID: 0}
  m_GameObject: {fileID: 1714942931}
  m_Enabled: 1
  m_CastShadows: 1
  m_ReceiveShadows: 1
  m_DynamicOccludee: 1
  m_MotionVectors: 1
  m_LightProbeUsage: 1
  m_ReflectionProbeUsage: 1
  m_RayTracingMode: 2
  m_RayTraceProcedural: 0
  m_RenderingLayerMask: 1
  m_RendererPriority: 0
  m_Materials:
  - {fileID: 2100000, guid: 080f92a49c9a46e4d978970b3c2d2096, type: 2}
  m_StaticBatchInfo:
    firstSubMesh: 0
    subMeshCount: 0
  m_StaticBatchRoot: {fileID: 0}
  m_ProbeAnchor: {fileID: 0}
  m_LightProbeVolumeOverride: {fileID: 0}
  m_ScaleInLightmap: 1
  m_ReceiveGI: 1
  m_PreserveUVs: 0
  m_IgnoreNormalsForChartDetection: 0
  m_ImportantGI: 0
  m_StitchLightmapSeams: 1
  m_SelectedEditorRenderState: 3
  m_MinimumChartSize: 4
  m_AutoUVMaxDistance: 0.5
  m_AutoUVMaxAngle: 89
  m_LightmapParameters: {fileID: 0}
  m_SortingLayerID: 0
  m_SortingLayer: 0
  m_SortingOrder: 0
  m_AdditionalVertexStreams: {fileID: 0}
--- !u!33 &1714942934
MeshFilter:
  m_ObjectHideFlags: 0
  m_CorrespondingSourceObject: {fileID: 0}
  m_PrefabInstance: {fileID: 0}
  m_PrefabAsset: {fileID: 0}
  m_GameObject: {fileID: 1714942931}
  m_Mesh: {fileID: 10202, guid: 0000000000000000e000000000000000, type: 0}
--- !u!4 &1714942935
Transform:
  m_ObjectHideFlags: 0
  m_CorrespondingSourceObject: {fileID: 0}
  m_PrefabInstance: {fileID: 0}
  m_PrefabAsset: {fileID: 0}
  m_GameObject: {fileID: 1714942931}
  m_LocalRotation: {x: -0, y: 0.7071068, z: -0, w: 0.7071068}
  m_LocalPosition: {x: 18.5, y: -2.5600004, z: 1.1000015}
  m_LocalScale: {x: 13, y: 4, z: 5}
  m_Children: []
  m_Father: {fileID: 1958762987}
  m_RootOrder: 5
  m_LocalEulerAnglesHint: {x: 0, y: 90, z: 0}
--- !u!1 &1770064291
GameObject:
  m_ObjectHideFlags: 0
  m_CorrespondingSourceObject: {fileID: 0}
  m_PrefabInstance: {fileID: 0}
  m_PrefabAsset: {fileID: 0}
  serializedVersion: 6
  m_Component:
  - component: {fileID: 1770064292}
  m_Layer: 0
  m_Name: Environment
  m_TagString: Untagged
  m_Icon: {fileID: 0}
  m_NavMeshLayer: 0
  m_StaticEditorFlags: 0
  m_IsActive: 1
--- !u!4 &1770064292
Transform:
  m_ObjectHideFlags: 0
  m_CorrespondingSourceObject: {fileID: 0}
  m_PrefabInstance: {fileID: 0}
  m_PrefabAsset: {fileID: 0}
  m_GameObject: {fileID: 1770064291}
  m_LocalRotation: {x: 0, y: 0, z: 0, w: 1}
  m_LocalPosition: {x: -1.895586, y: -0.6886673, z: -2.1638794}
  m_LocalScale: {x: 1, y: 1, z: 1}
  m_Children:
  - {fileID: 766549786}
  - {fileID: 1912388711}
  - {fileID: 534398676}
  - {fileID: 1122732494}
  - {fileID: 1866057956}
  - {fileID: 772043959}
  - {fileID: 250820005}
  - {fileID: 748635347}
  - {fileID: 1092507771}
  - {fileID: 943904704}
  - {fileID: 1372296289}
  m_Father: {fileID: 0}
  m_RootOrder: 13
  m_LocalEulerAnglesHint: {x: 0, y: 0, z: 0}
--- !u!1 &1787686155
GameObject:
  m_ObjectHideFlags: 0
  m_CorrespondingSourceObject: {fileID: 0}
  m_PrefabInstance: {fileID: 0}
  m_PrefabAsset: {fileID: 0}
  serializedVersion: 6
  m_Component:
  - component: {fileID: 1787686159}
  - component: {fileID: 1787686158}
  - component: {fileID: 1787686157}
  - component: {fileID: 1787686156}
  m_Layer: 0
  m_Name: floor (4)
  m_TagString: wall
  m_Icon: {fileID: 0}
  m_NavMeshLayer: 0
  m_StaticEditorFlags: 0
  m_IsActive: 1
--- !u!65 &1787686156
BoxCollider:
  m_ObjectHideFlags: 0
  m_CorrespondingSourceObject: {fileID: 0}
  m_PrefabInstance: {fileID: 0}
  m_PrefabAsset: {fileID: 0}
  m_GameObject: {fileID: 1787686155}
  m_Material: {fileID: 0}
  m_IsTrigger: 0
  m_Enabled: 1
  serializedVersion: 2
  m_Size: {x: 1, y: 1, z: 1}
  m_Center: {x: 0, y: 0, z: 0}
--- !u!23 &1787686157
MeshRenderer:
  m_ObjectHideFlags: 0
  m_CorrespondingSourceObject: {fileID: 0}
  m_PrefabInstance: {fileID: 0}
  m_PrefabAsset: {fileID: 0}
  m_GameObject: {fileID: 1787686155}
  m_Enabled: 1
  m_CastShadows: 1
  m_ReceiveShadows: 1
  m_DynamicOccludee: 1
  m_MotionVectors: 1
  m_LightProbeUsage: 1
  m_ReflectionProbeUsage: 1
  m_RayTracingMode: 2
  m_RayTraceProcedural: 0
  m_RenderingLayerMask: 1
  m_RendererPriority: 0
  m_Materials:
  - {fileID: 2100000, guid: 080f92a49c9a46e4d978970b3c2d2096, type: 2}
  m_StaticBatchInfo:
    firstSubMesh: 0
    subMeshCount: 0
  m_StaticBatchRoot: {fileID: 0}
  m_ProbeAnchor: {fileID: 0}
  m_LightProbeVolumeOverride: {fileID: 0}
  m_ScaleInLightmap: 1
  m_ReceiveGI: 1
  m_PreserveUVs: 0
  m_IgnoreNormalsForChartDetection: 0
  m_ImportantGI: 0
  m_StitchLightmapSeams: 1
  m_SelectedEditorRenderState: 3
  m_MinimumChartSize: 4
  m_AutoUVMaxDistance: 0.5
  m_AutoUVMaxAngle: 89
  m_LightmapParameters: {fileID: 0}
  m_SortingLayerID: 0
  m_SortingLayer: 0
  m_SortingOrder: 0
  m_AdditionalVertexStreams: {fileID: 0}
--- !u!33 &1787686158
MeshFilter:
  m_ObjectHideFlags: 0
  m_CorrespondingSourceObject: {fileID: 0}
  m_PrefabInstance: {fileID: 0}
  m_PrefabAsset: {fileID: 0}
  m_GameObject: {fileID: 1787686155}
  m_Mesh: {fileID: 10202, guid: 0000000000000000e000000000000000, type: 0}
--- !u!4 &1787686159
Transform:
  m_ObjectHideFlags: 0
  m_CorrespondingSourceObject: {fileID: 0}
  m_PrefabInstance: {fileID: 0}
  m_PrefabAsset: {fileID: 0}
  m_GameObject: {fileID: 1787686155}
  m_LocalRotation: {x: -0, y: 0.7071068, z: -0, w: 0.7071068}
  m_LocalPosition: {x: 16, y: -8.56, z: 1.1000015}
  m_LocalScale: {x: 13, y: 8, z: 10}
  m_Children: []
  m_Father: {fileID: 1958762987}
  m_RootOrder: 4
  m_LocalEulerAnglesHint: {x: 0, y: 90, z: 0}
--- !u!1 &1864176195
GameObject:
  m_ObjectHideFlags: 0
  m_CorrespondingSourceObject: {fileID: 0}
  m_PrefabInstance: {fileID: 0}
  m_PrefabAsset: {fileID: 0}
  serializedVersion: 6
  m_Component:
  - component: {fileID: 1864176199}
  - component: {fileID: 1864176198}
  - component: {fileID: 1864176197}
  - component: {fileID: 1864176196}
  m_Layer: 0
  m_Name: floor (3)
  m_TagString: wall
  m_Icon: {fileID: 0}
  m_NavMeshLayer: 0
  m_StaticEditorFlags: 0
  m_IsActive: 1
--- !u!65 &1864176196
BoxCollider:
  m_ObjectHideFlags: 0
  m_CorrespondingSourceObject: {fileID: 0}
  m_PrefabInstance: {fileID: 0}
  m_PrefabAsset: {fileID: 0}
  m_GameObject: {fileID: 1864176195}
  m_Material: {fileID: 0}
  m_IsTrigger: 0
  m_Enabled: 1
  serializedVersion: 2
  m_Size: {x: 1, y: 1, z: 1}
  m_Center: {x: 0, y: 0, z: 0}
--- !u!23 &1864176197
MeshRenderer:
  m_ObjectHideFlags: 0
  m_CorrespondingSourceObject: {fileID: 0}
  m_PrefabInstance: {fileID: 0}
  m_PrefabAsset: {fileID: 0}
  m_GameObject: {fileID: 1864176195}
  m_Enabled: 1
  m_CastShadows: 1
  m_ReceiveShadows: 1
  m_DynamicOccludee: 1
  m_MotionVectors: 1
  m_LightProbeUsage: 1
  m_ReflectionProbeUsage: 1
  m_RayTracingMode: 2
  m_RayTraceProcedural: 0
  m_RenderingLayerMask: 1
  m_RendererPriority: 0
  m_Materials:
  - {fileID: 2100000, guid: 080f92a49c9a46e4d978970b3c2d2096, type: 2}
  m_StaticBatchInfo:
    firstSubMesh: 0
    subMeshCount: 0
  m_StaticBatchRoot: {fileID: 0}
  m_ProbeAnchor: {fileID: 0}
  m_LightProbeVolumeOverride: {fileID: 0}
  m_ScaleInLightmap: 1
  m_ReceiveGI: 1
  m_PreserveUVs: 0
  m_IgnoreNormalsForChartDetection: 0
  m_ImportantGI: 0
  m_StitchLightmapSeams: 1
  m_SelectedEditorRenderState: 3
  m_MinimumChartSize: 4
  m_AutoUVMaxDistance: 0.5
  m_AutoUVMaxAngle: 89
  m_LightmapParameters: {fileID: 0}
  m_SortingLayerID: 0
  m_SortingLayer: 0
  m_SortingOrder: 0
  m_AdditionalVertexStreams: {fileID: 0}
--- !u!33 &1864176198
MeshFilter:
  m_ObjectHideFlags: 0
  m_CorrespondingSourceObject: {fileID: 0}
  m_PrefabInstance: {fileID: 0}
  m_PrefabAsset: {fileID: 0}
  m_GameObject: {fileID: 1864176195}
  m_Mesh: {fileID: 10202, guid: 0000000000000000e000000000000000, type: 0}
--- !u!4 &1864176199
Transform:
  m_ObjectHideFlags: 0
  m_CorrespondingSourceObject: {fileID: 0}
  m_PrefabInstance: {fileID: 0}
  m_PrefabAsset: {fileID: 0}
  m_GameObject: {fileID: 1864176195}
  m_LocalRotation: {x: -0, y: 0.7071068, z: -0, w: 0.7071068}
  m_LocalPosition: {x: 2.2189, y: 3, z: 1.1}
  m_LocalScale: {x: 13, y: 1, z: 10}
  m_Children: []
  m_Father: {fileID: 1958762987}
  m_RootOrder: 3
  m_LocalEulerAnglesHint: {x: 0, y: 90, z: 0}
--- !u!1001 &1866057955
PrefabInstance:
  m_ObjectHideFlags: 0
  serializedVersion: 2
  m_Modification:
    m_TransformParent: {fileID: 1770064292}
    m_Modifications:
    - target: {fileID: 17765660326919251, guid: 218722cd5bd296c4fbbe61a93247eb97, type: 3}
      propertyPath: m_RootOrder
      value: 4
      objectReference: {fileID: 0}
    - target: {fileID: 17765660326919251, guid: 218722cd5bd296c4fbbe61a93247eb97, type: 3}
      propertyPath: m_LocalScale.x
      value: 0.5
      objectReference: {fileID: 0}
    - target: {fileID: 17765660326919251, guid: 218722cd5bd296c4fbbe61a93247eb97, type: 3}
      propertyPath: m_LocalScale.y
      value: 0.5
      objectReference: {fileID: 0}
    - target: {fileID: 17765660326919251, guid: 218722cd5bd296c4fbbe61a93247eb97, type: 3}
      propertyPath: m_LocalScale.z
      value: 0.5
      objectReference: {fileID: 0}
    - target: {fileID: 17765660326919251, guid: 218722cd5bd296c4fbbe61a93247eb97, type: 3}
      propertyPath: m_LocalPosition.x
      value: -1.27
      objectReference: {fileID: 0}
    - target: {fileID: 17765660326919251, guid: 218722cd5bd296c4fbbe61a93247eb97, type: 3}
      propertyPath: m_LocalPosition.y
      value: -7.96
      objectReference: {fileID: 0}
    - target: {fileID: 17765660326919251, guid: 218722cd5bd296c4fbbe61a93247eb97, type: 3}
      propertyPath: m_LocalPosition.z
      value: 7.4338794
      objectReference: {fileID: 0}
    - target: {fileID: 17765660326919251, guid: 218722cd5bd296c4fbbe61a93247eb97, type: 3}
      propertyPath: m_LocalRotation.w
      value: 0
      objectReference: {fileID: 0}
    - target: {fileID: 17765660326919251, guid: 218722cd5bd296c4fbbe61a93247eb97, type: 3}
      propertyPath: m_LocalRotation.x
      value: -0
      objectReference: {fileID: 0}
    - target: {fileID: 17765660326919251, guid: 218722cd5bd296c4fbbe61a93247eb97, type: 3}
      propertyPath: m_LocalRotation.y
      value: 1
      objectReference: {fileID: 0}
    - target: {fileID: 17765660326919251, guid: 218722cd5bd296c4fbbe61a93247eb97, type: 3}
      propertyPath: m_LocalRotation.z
      value: -0
      objectReference: {fileID: 0}
    - target: {fileID: 17765660326919251, guid: 218722cd5bd296c4fbbe61a93247eb97, type: 3}
      propertyPath: m_LocalEulerAnglesHint.x
      value: 0
      objectReference: {fileID: 0}
    - target: {fileID: 17765660326919251, guid: 218722cd5bd296c4fbbe61a93247eb97, type: 3}
      propertyPath: m_LocalEulerAnglesHint.y
      value: 0
      objectReference: {fileID: 0}
    - target: {fileID: 17765660326919251, guid: 218722cd5bd296c4fbbe61a93247eb97, type: 3}
      propertyPath: m_LocalEulerAnglesHint.z
      value: 0
      objectReference: {fileID: 0}
    - target: {fileID: 825510489991423721, guid: 218722cd5bd296c4fbbe61a93247eb97, type: 3}
      propertyPath: m_Name
      value: TubeCollection
      objectReference: {fileID: 0}
    - target: {fileID: 4104267513047825093, guid: 218722cd5bd296c4fbbe61a93247eb97, type: 3}
      propertyPath: m_Materials.Array.data[0]
      value: 
      objectReference: {fileID: 2100000, guid: d11cf291baa982e43a05110442ca8b12, type: 2}
    - target: {fileID: 7486980000048681329, guid: 218722cd5bd296c4fbbe61a93247eb97, type: 3}
      propertyPath: m_Materials.Array.data[0]
      value: 
      objectReference: {fileID: 2100000, guid: 8a04859fb2fb3a74bb025367ae82c6e9, type: 2}
    - target: {fileID: 7705998920883060249, guid: 218722cd5bd296c4fbbe61a93247eb97, type: 3}
      propertyPath: m_Materials.Array.data[0]
      value: 
      objectReference: {fileID: 2100000, guid: c8077dd98a3b1c64a8323d55511b7d54, type: 2}
    - target: {fileID: 8861027422678063074, guid: 218722cd5bd296c4fbbe61a93247eb97, type: 3}
      propertyPath: m_Materials.Array.data[0]
      value: 
      objectReference: {fileID: 2100000, guid: d11cf291baa982e43a05110442ca8b12, type: 2}
    m_RemovedComponents: []
  m_SourcePrefab: {fileID: 100100000, guid: 218722cd5bd296c4fbbe61a93247eb97, type: 3}
--- !u!4 &1866057956 stripped
Transform:
  m_CorrespondingSourceObject: {fileID: 17765660326919251, guid: 218722cd5bd296c4fbbe61a93247eb97, type: 3}
  m_PrefabInstance: {fileID: 1866057955}
  m_PrefabAsset: {fileID: 0}
--- !u!1001 &1898625427
PrefabInstance:
  m_ObjectHideFlags: 0
  serializedVersion: 2
  m_Modification:
    m_TransformParent: {fileID: 0}
    m_Modifications:
    - target: {fileID: 5482845564303684952, guid: f0e0b9e680c33d14e9cb993f9c9de595, type: 3}
      propertyPath: m_Name
      value: Goal
      objectReference: {fileID: 0}
    - target: {fileID: 5482845564303684954, guid: f0e0b9e680c33d14e9cb993f9c9de595, type: 3}
      propertyPath: NextSceneName
      value: 8_Cat Canon
      objectReference: {fileID: 0}
    - target: {fileID: 5482845564303684955, guid: f0e0b9e680c33d14e9cb993f9c9de595, type: 3}
      propertyPath: m_RootOrder
      value: 4
      objectReference: {fileID: 0}
    - target: {fileID: 5482845564303684955, guid: f0e0b9e680c33d14e9cb993f9c9de595, type: 3}
      propertyPath: m_LocalPosition.x
      value: -17.45
      objectReference: {fileID: 0}
    - target: {fileID: 5482845564303684955, guid: f0e0b9e680c33d14e9cb993f9c9de595, type: 3}
      propertyPath: m_LocalPosition.y
      value: 9.53
      objectReference: {fileID: 0}
    - target: {fileID: 5482845564303684955, guid: f0e0b9e680c33d14e9cb993f9c9de595, type: 3}
      propertyPath: m_LocalPosition.z
      value: -3
      objectReference: {fileID: 0}
    - target: {fileID: 5482845564303684955, guid: f0e0b9e680c33d14e9cb993f9c9de595, type: 3}
      propertyPath: m_LocalRotation.w
      value: 1
      objectReference: {fileID: 0}
    - target: {fileID: 5482845564303684955, guid: f0e0b9e680c33d14e9cb993f9c9de595, type: 3}
      propertyPath: m_LocalRotation.x
      value: 0
      objectReference: {fileID: 0}
    - target: {fileID: 5482845564303684955, guid: f0e0b9e680c33d14e9cb993f9c9de595, type: 3}
      propertyPath: m_LocalRotation.y
      value: 0
      objectReference: {fileID: 0}
    - target: {fileID: 5482845564303684955, guid: f0e0b9e680c33d14e9cb993f9c9de595, type: 3}
      propertyPath: m_LocalRotation.z
      value: 0
      objectReference: {fileID: 0}
    - target: {fileID: 5482845564303684955, guid: f0e0b9e680c33d14e9cb993f9c9de595, type: 3}
      propertyPath: m_LocalEulerAnglesHint.x
      value: 0
      objectReference: {fileID: 0}
    - target: {fileID: 5482845564303684955, guid: f0e0b9e680c33d14e9cb993f9c9de595, type: 3}
      propertyPath: m_LocalEulerAnglesHint.y
      value: 0
      objectReference: {fileID: 0}
    - target: {fileID: 5482845564303684955, guid: f0e0b9e680c33d14e9cb993f9c9de595, type: 3}
      propertyPath: m_LocalEulerAnglesHint.z
      value: 0
      objectReference: {fileID: 0}
    - target: {fileID: 5482845565198607725, guid: f0e0b9e680c33d14e9cb993f9c9de595, type: 3}
      propertyPath: m_LocalPosition.z
      value: 0
      objectReference: {fileID: 0}
    m_RemovedComponents: []
  m_SourcePrefab: {fileID: 100100000, guid: f0e0b9e680c33d14e9cb993f9c9de595, type: 3}
--- !u!1001 &1912388710
PrefabInstance:
  m_ObjectHideFlags: 0
  serializedVersion: 2
  m_Modification:
    m_TransformParent: {fileID: 1770064292}
    m_Modifications:
    - target: {fileID: 3461405909567391626, guid: 2511c7185d667814f807199ca3c16dec, type: 3}
      propertyPath: m_RootOrder
      value: 1
      objectReference: {fileID: 0}
    - target: {fileID: 3461405909567391626, guid: 2511c7185d667814f807199ca3c16dec, type: 3}
      propertyPath: m_LocalScale.x
      value: 0.5
      objectReference: {fileID: 0}
    - target: {fileID: 3461405909567391626, guid: 2511c7185d667814f807199ca3c16dec, type: 3}
      propertyPath: m_LocalScale.y
      value: 0.5
      objectReference: {fileID: 0}
    - target: {fileID: 3461405909567391626, guid: 2511c7185d667814f807199ca3c16dec, type: 3}
      propertyPath: m_LocalScale.z
      value: 0.5
      objectReference: {fileID: 0}
    - target: {fileID: 3461405909567391626, guid: 2511c7185d667814f807199ca3c16dec, type: 3}
      propertyPath: m_LocalPosition.x
      value: 20.08
      objectReference: {fileID: 0}
    - target: {fileID: 3461405909567391626, guid: 2511c7185d667814f807199ca3c16dec, type: 3}
      propertyPath: m_LocalPosition.y
      value: 0.06
      objectReference: {fileID: 0}
    - target: {fileID: 3461405909567391626, guid: 2511c7185d667814f807199ca3c16dec, type: 3}
      propertyPath: m_LocalPosition.z
      value: 7.4338794
      objectReference: {fileID: 0}
    - target: {fileID: 3461405909567391626, guid: 2511c7185d667814f807199ca3c16dec, type: 3}
      propertyPath: m_LocalRotation.w
      value: 0
      objectReference: {fileID: 0}
    - target: {fileID: 3461405909567391626, guid: 2511c7185d667814f807199ca3c16dec, type: 3}
      propertyPath: m_LocalRotation.x
      value: -0
      objectReference: {fileID: 0}
    - target: {fileID: 3461405909567391626, guid: 2511c7185d667814f807199ca3c16dec, type: 3}
      propertyPath: m_LocalRotation.y
      value: 1
      objectReference: {fileID: 0}
    - target: {fileID: 3461405909567391626, guid: 2511c7185d667814f807199ca3c16dec, type: 3}
      propertyPath: m_LocalRotation.z
      value: -0
      objectReference: {fileID: 0}
    - target: {fileID: 3461405909567391626, guid: 2511c7185d667814f807199ca3c16dec, type: 3}
      propertyPath: m_LocalEulerAnglesHint.x
      value: 0
      objectReference: {fileID: 0}
    - target: {fileID: 3461405909567391626, guid: 2511c7185d667814f807199ca3c16dec, type: 3}
      propertyPath: m_LocalEulerAnglesHint.y
      value: 0
      objectReference: {fileID: 0}
    - target: {fileID: 3461405909567391626, guid: 2511c7185d667814f807199ca3c16dec, type: 3}
      propertyPath: m_LocalEulerAnglesHint.z
      value: 0
      objectReference: {fileID: 0}
    - target: {fileID: 4270172180383505712, guid: 2511c7185d667814f807199ca3c16dec, type: 3}
      propertyPath: m_Name
      value: FlaskConeOrange
      objectReference: {fileID: 0}
    m_RemovedComponents: []
  m_SourcePrefab: {fileID: 100100000, guid: 2511c7185d667814f807199ca3c16dec, type: 3}
--- !u!4 &1912388711 stripped
Transform:
  m_CorrespondingSourceObject: {fileID: 3461405909567391626, guid: 2511c7185d667814f807199ca3c16dec, type: 3}
  m_PrefabInstance: {fileID: 1912388710}
  m_PrefabAsset: {fileID: 0}
--- !u!1 &1958762986
GameObject:
  m_ObjectHideFlags: 0
  m_CorrespondingSourceObject: {fileID: 0}
  m_PrefabInstance: {fileID: 0}
  m_PrefabAsset: {fileID: 0}
  serializedVersion: 6
  m_Component:
  - component: {fileID: 1958762987}
  m_Layer: 0
  m_Name: Platforms
  m_TagString: Untagged
  m_Icon: {fileID: 0}
  m_NavMeshLayer: 0
  m_StaticEditorFlags: 0
  m_IsActive: 1
--- !u!4 &1958762987
Transform:
  m_ObjectHideFlags: 0
  m_CorrespondingSourceObject: {fileID: 0}
  m_PrefabInstance: {fileID: 0}
  m_PrefabAsset: {fileID: 0}
  m_GameObject: {fileID: 1958762986}
  m_LocalRotation: {x: 0, y: 0, z: 0, w: 1}
  m_LocalPosition: {x: 0, y: 0, z: 0}
  m_LocalScale: {x: 1, y: 1, z: 1}
  m_Children:
  - {fileID: 1639981381}
  - {fileID: 1190248880}
  - {fileID: 457995693}
  - {fileID: 1864176199}
  - {fileID: 1787686159}
  - {fileID: 1714942935}
  m_Father: {fileID: 0}
  m_RootOrder: 12
  m_LocalEulerAnglesHint: {x: 0, y: 0, z: 0}
--- !u!1001 &1990748208
PrefabInstance:
  m_ObjectHideFlags: 0
  serializedVersion: 2
  m_Modification:
    m_TransformParent: {fileID: 0}
    m_Modifications:
    - target: {fileID: 57478867, guid: 2d1ad6bbc209851409f4e098efeed709, type: 3}
      propertyPath: A
      value: 
      objectReference: {fileID: 1021632595}
    - target: {fileID: 57478867, guid: 2d1ad6bbc209851409f4e098efeed709, type: 3}
      propertyPath: B
      value: 
      objectReference: {fileID: 1708544143}
    - target: {fileID: 57478871, guid: 2d1ad6bbc209851409f4e098efeed709, type: 3}
      propertyPath: _rotationSpeed
      value: 270
      objectReference: {fileID: 0}
    - target: {fileID: 1656314269385496332, guid: 2d1ad6bbc209851409f4e098efeed709, type: 3}
      propertyPath: m_Name
      value: Robot
      objectReference: {fileID: 0}
    - target: {fileID: 2447306546813241442, guid: 2d1ad6bbc209851409f4e098efeed709, type: 3}
      propertyPath: m_RootOrder
      value: 2
      objectReference: {fileID: 0}
    - target: {fileID: 2447306546813241442, guid: 2d1ad6bbc209851409f4e098efeed709, type: 3}
      propertyPath: m_LocalPosition.x
      value: 8.6
      objectReference: {fileID: 0}
    - target: {fileID: 2447306546813241442, guid: 2d1ad6bbc209851409f4e098efeed709, type: 3}
      propertyPath: m_LocalPosition.y
      value: -8.49
      objectReference: {fileID: 0}
    - target: {fileID: 2447306546813241442, guid: 2d1ad6bbc209851409f4e098efeed709, type: 3}
      propertyPath: m_LocalPosition.z
      value: -2
      objectReference: {fileID: 0}
    - target: {fileID: 2447306546813241442, guid: 2d1ad6bbc209851409f4e098efeed709, type: 3}
      propertyPath: m_LocalRotation.w
      value: 1
      objectReference: {fileID: 0}
    - target: {fileID: 2447306546813241442, guid: 2d1ad6bbc209851409f4e098efeed709, type: 3}
      propertyPath: m_LocalRotation.x
      value: 0
      objectReference: {fileID: 0}
    - target: {fileID: 2447306546813241442, guid: 2d1ad6bbc209851409f4e098efeed709, type: 3}
      propertyPath: m_LocalRotation.y
      value: 0
      objectReference: {fileID: 0}
    - target: {fileID: 2447306546813241442, guid: 2d1ad6bbc209851409f4e098efeed709, type: 3}
      propertyPath: m_LocalRotation.z
      value: 0
      objectReference: {fileID: 0}
    - target: {fileID: 2447306546813241442, guid: 2d1ad6bbc209851409f4e098efeed709, type: 3}
      propertyPath: m_LocalEulerAnglesHint.x
      value: 0
      objectReference: {fileID: 0}
    - target: {fileID: 2447306546813241442, guid: 2d1ad6bbc209851409f4e098efeed709, type: 3}
      propertyPath: m_LocalEulerAnglesHint.y
      value: 0
      objectReference: {fileID: 0}
    - target: {fileID: 2447306546813241442, guid: 2d1ad6bbc209851409f4e098efeed709, type: 3}
      propertyPath: m_LocalEulerAnglesHint.z
      value: 0
      objectReference: {fileID: 0}
    m_RemovedComponents: []
  m_SourcePrefab: {fileID: 100100000, guid: 2d1ad6bbc209851409f4e098efeed709, type: 3}
--- !u!1001 &2102694882
PrefabInstance:
  m_ObjectHideFlags: 0
  serializedVersion: 2
  m_Modification:
    m_TransformParent: {fileID: 0}
    m_Modifications:
    - target: {fileID: 1213502880494878299, guid: eec05c6d4c562c84c8300fc4ebb1faf5, type: 3}
      propertyPath: m_Name
      value: ShelvingWithFlasks
      objectReference: {fileID: 0}
    - target: {fileID: 3200585205171533898, guid: eec05c6d4c562c84c8300fc4ebb1faf5, type: 3}
      propertyPath: m_RootOrder
      value: 1
      objectReference: {fileID: 0}
    - target: {fileID: 3200585205171533898, guid: eec05c6d4c562c84c8300fc4ebb1faf5, type: 3}
      propertyPath: m_LocalScale.x
      value: 0.7
      objectReference: {fileID: 0}
    - target: {fileID: 3200585205171533898, guid: eec05c6d4c562c84c8300fc4ebb1faf5, type: 3}
      propertyPath: m_LocalScale.y
      value: 0.7
      objectReference: {fileID: 0}
    - target: {fileID: 3200585205171533898, guid: eec05c6d4c562c84c8300fc4ebb1faf5, type: 3}
      propertyPath: m_LocalScale.z
      value: 0.7
      objectReference: {fileID: 0}
    - target: {fileID: 3200585205171533898, guid: eec05c6d4c562c84c8300fc4ebb1faf5, type: 3}
      propertyPath: m_LocalPosition.x
      value: -28.25
      objectReference: {fileID: 0}
    - target: {fileID: 3200585205171533898, guid: eec05c6d4c562c84c8300fc4ebb1faf5, type: 3}
      propertyPath: m_LocalPosition.y
      value: -1.58
      objectReference: {fileID: 0}
    - target: {fileID: 3200585205171533898, guid: eec05c6d4c562c84c8300fc4ebb1faf5, type: 3}
      propertyPath: m_LocalPosition.z
      value: 1.35
      objectReference: {fileID: 0}
    - target: {fileID: 3200585205171533898, guid: eec05c6d4c562c84c8300fc4ebb1faf5, type: 3}
      propertyPath: m_LocalRotation.w
      value: 1
      objectReference: {fileID: 0}
    - target: {fileID: 3200585205171533898, guid: eec05c6d4c562c84c8300fc4ebb1faf5, type: 3}
      propertyPath: m_LocalRotation.x
      value: 0
      objectReference: {fileID: 0}
    - target: {fileID: 3200585205171533898, guid: eec05c6d4c562c84c8300fc4ebb1faf5, type: 3}
      propertyPath: m_LocalRotation.y
      value: 0
      objectReference: {fileID: 0}
    - target: {fileID: 3200585205171533898, guid: eec05c6d4c562c84c8300fc4ebb1faf5, type: 3}
      propertyPath: m_LocalRotation.z
      value: 0
      objectReference: {fileID: 0}
    - target: {fileID: 3200585205171533898, guid: eec05c6d4c562c84c8300fc4ebb1faf5, type: 3}
      propertyPath: m_LocalEulerAnglesHint.x
      value: 0
      objectReference: {fileID: 0}
    - target: {fileID: 3200585205171533898, guid: eec05c6d4c562c84c8300fc4ebb1faf5, type: 3}
      propertyPath: m_LocalEulerAnglesHint.y
      value: 0
      objectReference: {fileID: 0}
    - target: {fileID: 3200585205171533898, guid: eec05c6d4c562c84c8300fc4ebb1faf5, type: 3}
      propertyPath: m_LocalEulerAnglesHint.z
      value: 0
      objectReference: {fileID: 0}
    m_RemovedComponents: []
  m_SourcePrefab: {fileID: 100100000, guid: eec05c6d4c562c84c8300fc4ebb1faf5, type: 3}
--- !u!1001 &3502184671238578638
PrefabInstance:
  m_ObjectHideFlags: 0
  serializedVersion: 2
  m_Modification:
    m_TransformParent: {fileID: 0}
    m_Modifications:
    - target: {fileID: 1552452315282530984, guid: 858783cf0e22ad74e8c409b8ed24c9ba, type: 3}
      propertyPath: m_RootOrder
      value: 5
      objectReference: {fileID: 0}
    - target: {fileID: 1552452315282530984, guid: 858783cf0e22ad74e8c409b8ed24c9ba, type: 3}
      propertyPath: m_LocalPosition.x
      value: 0
      objectReference: {fileID: 0}
    - target: {fileID: 1552452315282530984, guid: 858783cf0e22ad74e8c409b8ed24c9ba, type: 3}
      propertyPath: m_LocalPosition.y
      value: 0
      objectReference: {fileID: 0}
    - target: {fileID: 1552452315282530984, guid: 858783cf0e22ad74e8c409b8ed24c9ba, type: 3}
      propertyPath: m_LocalPosition.z
      value: 1
      objectReference: {fileID: 0}
    - target: {fileID: 1552452315282530984, guid: 858783cf0e22ad74e8c409b8ed24c9ba, type: 3}
      propertyPath: m_LocalRotation.w
      value: 1
      objectReference: {fileID: 0}
    - target: {fileID: 1552452315282530984, guid: 858783cf0e22ad74e8c409b8ed24c9ba, type: 3}
      propertyPath: m_LocalRotation.x
      value: 0
      objectReference: {fileID: 0}
    - target: {fileID: 1552452315282530984, guid: 858783cf0e22ad74e8c409b8ed24c9ba, type: 3}
      propertyPath: m_LocalRotation.y
      value: -0
      objectReference: {fileID: 0}
    - target: {fileID: 1552452315282530984, guid: 858783cf0e22ad74e8c409b8ed24c9ba, type: 3}
      propertyPath: m_LocalRotation.z
      value: -0
      objectReference: {fileID: 0}
    - target: {fileID: 1552452315282530984, guid: 858783cf0e22ad74e8c409b8ed24c9ba, type: 3}
      propertyPath: m_LocalEulerAnglesHint.x
      value: 0
      objectReference: {fileID: 0}
    - target: {fileID: 1552452315282530984, guid: 858783cf0e22ad74e8c409b8ed24c9ba, type: 3}
      propertyPath: m_LocalEulerAnglesHint.y
      value: 0
      objectReference: {fileID: 0}
    - target: {fileID: 1552452315282530984, guid: 858783cf0e22ad74e8c409b8ed24c9ba, type: 3}
      propertyPath: m_LocalEulerAnglesHint.z
      value: 0
      objectReference: {fileID: 0}
    - target: {fileID: 2215977223777007634, guid: 858783cf0e22ad74e8c409b8ed24c9ba, type: 3}
      propertyPath: m_Name
      value: room
      objectReference: {fileID: 0}
    - target: {fileID: 6743057576096655364, guid: 858783cf0e22ad74e8c409b8ed24c9ba, type: 3}
      propertyPath: m_IsActive
      value: 0
      objectReference: {fileID: 0}
    m_RemovedComponents: []
  m_SourcePrefab: {fileID: 100100000, guid: 858783cf0e22ad74e8c409b8ed24c9ba, type: 3}
--- !u!1001 &3526914626452154556
PrefabInstance:
  m_ObjectHideFlags: 0
  serializedVersion: 2
  m_Modification:
    m_TransformParent: {fileID: 0}
    m_Modifications:
    - target: {fileID: 3526914626868889032, guid: 062298ab4f0e863478bcde642b309300, type: 3}
      propertyPath: m_RootOrder
      value: 0
      objectReference: {fileID: 0}
    - target: {fileID: 3526914626868889032, guid: 062298ab4f0e863478bcde642b309300, type: 3}
      propertyPath: m_LocalPosition.x
      value: 0
      objectReference: {fileID: 0}
    - target: {fileID: 3526914626868889032, guid: 062298ab4f0e863478bcde642b309300, type: 3}
      propertyPath: m_LocalPosition.y
      value: 0
      objectReference: {fileID: 0}
    - target: {fileID: 3526914626868889032, guid: 062298ab4f0e863478bcde642b309300, type: 3}
      propertyPath: m_LocalPosition.z
      value: -29.53
      objectReference: {fileID: 0}
    - target: {fileID: 3526914626868889032, guid: 062298ab4f0e863478bcde642b309300, type: 3}
      propertyPath: m_LocalRotation.w
      value: 1
      objectReference: {fileID: 0}
    - target: {fileID: 3526914626868889032, guid: 062298ab4f0e863478bcde642b309300, type: 3}
      propertyPath: m_LocalRotation.x
      value: 0
      objectReference: {fileID: 0}
    - target: {fileID: 3526914626868889032, guid: 062298ab4f0e863478bcde642b309300, type: 3}
      propertyPath: m_LocalRotation.y
      value: 0
      objectReference: {fileID: 0}
    - target: {fileID: 3526914626868889032, guid: 062298ab4f0e863478bcde642b309300, type: 3}
      propertyPath: m_LocalRotation.z
      value: 0
      objectReference: {fileID: 0}
    - target: {fileID: 3526914626868889032, guid: 062298ab4f0e863478bcde642b309300, type: 3}
      propertyPath: m_LocalEulerAnglesHint.x
      value: 0
      objectReference: {fileID: 0}
    - target: {fileID: 3526914626868889032, guid: 062298ab4f0e863478bcde642b309300, type: 3}
      propertyPath: m_LocalEulerAnglesHint.y
      value: 0
      objectReference: {fileID: 0}
    - target: {fileID: 3526914626868889032, guid: 062298ab4f0e863478bcde642b309300, type: 3}
      propertyPath: m_LocalEulerAnglesHint.z
      value: 0
      objectReference: {fileID: 0}
    - target: {fileID: 3526914626868889037, guid: 062298ab4f0e863478bcde642b309300, type: 3}
      propertyPath: m_Name
      value: Main Camera
      objectReference: {fileID: 0}
    m_RemovedComponents: []
  m_SourcePrefab: {fileID: 100100000, guid: 062298ab4f0e863478bcde642b309300, type: 3}
--- !u!1001 &4229034882321541296
PrefabInstance:
  m_ObjectHideFlags: 0
  serializedVersion: 2
  m_Modification:
    m_TransformParent: {fileID: 0}
    m_Modifications:
    - target: {fileID: 4229034882281739400, guid: fead892e8a8643c47a313ae8d92a9c88, type: 3}
      propertyPath: m_Name
      value: PlayerCat
      objectReference: {fileID: 0}
    - target: {fileID: 4229034882281739402, guid: fead892e8a8643c47a313ae8d92a9c88, type: 3}
      propertyPath: m_RootOrder
      value: 6
      objectReference: {fileID: 0}
    - target: {fileID: 4229034882281739402, guid: fead892e8a8643c47a313ae8d92a9c88, type: 3}
      propertyPath: m_LocalPosition.x
      value: -17.59
      objectReference: {fileID: 0}
    - target: {fileID: 4229034882281739402, guid: fead892e8a8643c47a313ae8d92a9c88, type: 3}
      propertyPath: m_LocalPosition.y
      value: -5.88
      objectReference: {fileID: 0}
    - target: {fileID: 4229034882281739402, guid: fead892e8a8643c47a313ae8d92a9c88, type: 3}
      propertyPath: m_LocalPosition.z
      value: -2
      objectReference: {fileID: 0}
    - target: {fileID: 4229034882281739402, guid: fead892e8a8643c47a313ae8d92a9c88, type: 3}
      propertyPath: m_LocalRotation.w
      value: 0.7071068
      objectReference: {fileID: 0}
    - target: {fileID: 4229034882281739402, guid: fead892e8a8643c47a313ae8d92a9c88, type: 3}
      propertyPath: m_LocalRotation.x
      value: 0
      objectReference: {fileID: 0}
    - target: {fileID: 4229034882281739402, guid: fead892e8a8643c47a313ae8d92a9c88, type: 3}
      propertyPath: m_LocalRotation.y
      value: -0.7071068
      objectReference: {fileID: 0}
    - target: {fileID: 4229034882281739402, guid: fead892e8a8643c47a313ae8d92a9c88, type: 3}
      propertyPath: m_LocalRotation.z
      value: 0
      objectReference: {fileID: 0}
    - target: {fileID: 4229034882281739402, guid: fead892e8a8643c47a313ae8d92a9c88, type: 3}
      propertyPath: m_LocalEulerAnglesHint.x
      value: 0
      objectReference: {fileID: 0}
    - target: {fileID: 4229034882281739402, guid: fead892e8a8643c47a313ae8d92a9c88, type: 3}
      propertyPath: m_LocalEulerAnglesHint.y
      value: -90
      objectReference: {fileID: 0}
    - target: {fileID: 4229034882281739402, guid: fead892e8a8643c47a313ae8d92a9c88, type: 3}
      propertyPath: m_LocalEulerAnglesHint.z
      value: 0
      objectReference: {fileID: 0}
    - target: {fileID: 4229034882281739403, guid: fead892e8a8643c47a313ae8d92a9c88, type: 3}
      propertyPath: m_Height
      value: 1.1315191
      objectReference: {fileID: 0}
    - target: {fileID: 4229034882281739403, guid: fead892e8a8643c47a313ae8d92a9c88, type: 3}
      propertyPath: m_Radius
      value: 0.38516366
      objectReference: {fileID: 0}
    m_RemovedComponents: []
  m_SourcePrefab: {fileID: 100100000, guid: fead892e8a8643c47a313ae8d92a9c88, type: 3}
--- !u!1001 &7620484702276626020
PrefabInstance:
  m_ObjectHideFlags: 0
  serializedVersion: 2
  m_Modification:
    m_TransformParent: {fileID: 0}
    m_Modifications:
    - target: {fileID: 7620484701567517997, guid: cf1f28f81615bab4f86eabf12586b964, type: 3}
      propertyPath: m_Name
      value: Game
      objectReference: {fileID: 0}
    - target: {fileID: 7620484701567517997, guid: cf1f28f81615bab4f86eabf12586b964, type: 3}
      propertyPath: m_TagString
      value: Enemy
      objectReference: {fileID: 0}
    - target: {fileID: 7620484701567517998, guid: cf1f28f81615bab4f86eabf12586b964, type: 3}
      propertyPath: _enemy
      value: 
      objectReference: {fileID: 0}
    - target: {fileID: 7620484701567517998, guid: cf1f28f81615bab4f86eabf12586b964, type: 3}
      propertyPath: _player
      value: 
      objectReference: {fileID: 44137529}
    - target: {fileID: 7620484701567517998, guid: cf1f28f81615bab4f86eabf12586b964, type: 3}
      propertyPath: _enemyCreator
      value: 
      objectReference: {fileID: 0}
    - target: {fileID: 7620484701567517998, guid: cf1f28f81615bab4f86eabf12586b964, type: 3}
      propertyPath: _doors.Array.size
      value: 1
      objectReference: {fileID: 0}
    - target: {fileID: 7620484701567517998, guid: cf1f28f81615bab4f86eabf12586b964, type: 3}
      propertyPath: _robots.Array.size
      value: 1
      objectReference: {fileID: 0}
    - target: {fileID: 7620484701567517998, guid: cf1f28f81615bab4f86eabf12586b964, type: 3}
      propertyPath: _buttons.Array.size
      value: 1
      objectReference: {fileID: 0}
    - target: {fileID: 7620484701567517998, guid: cf1f28f81615bab4f86eabf12586b964, type: 3}
      propertyPath: _enemies.Array.size
      value: 0
      objectReference: {fileID: 0}
    - target: {fileID: 7620484701567517998, guid: cf1f28f81615bab4f86eabf12586b964, type: 3}
      propertyPath: _doors.Array.data[0]
      value: 
      objectReference: {fileID: 605234886}
    - target: {fileID: 7620484701567517998, guid: cf1f28f81615bab4f86eabf12586b964, type: 3}
      propertyPath: _robots.Array.data[0]
      value: 
      objectReference: {fileID: 57478871}
    - target: {fileID: 7620484701567517998, guid: cf1f28f81615bab4f86eabf12586b964, type: 3}
      propertyPath: _buttons.Array.data[0]
      value: 
      objectReference: {fileID: 1004060237}
    - target: {fileID: 7620484701567517998, guid: cf1f28f81615bab4f86eabf12586b964, type: 3}
      propertyPath: _enemies.Array.data[0]
      value: 
      objectReference: {fileID: 57478867}
    - target: {fileID: 7620484701567517998, guid: cf1f28f81615bab4f86eabf12586b964, type: 3}
      propertyPath: _enemyCreators.Array.size
      value: 0
      objectReference: {fileID: 0}
    - target: {fileID: 7620484701567517998, guid: cf1f28f81615bab4f86eabf12586b964, type: 3}
      propertyPath: _enemyCreators.Array.data[0]
      value: 
      objectReference: {fileID: 0}
    - target: {fileID: 7620484701567517998, guid: cf1f28f81615bab4f86eabf12586b964, type: 3}
      propertyPath: _enemyCreators.Array.data[1]
      value: 
      objectReference: {fileID: 0}
    - target: {fileID: 7620484701567517998, guid: cf1f28f81615bab4f86eabf12586b964, type: 3}
      propertyPath: _enemyCreators.Array.data[2]
      value: 
      objectReference: {fileID: 0}
    - target: {fileID: 7620484701567517998, guid: cf1f28f81615bab4f86eabf12586b964, type: 3}
      propertyPath: _enemyCreators.Array.data[3]
      value: 
      objectReference: {fileID: 0}
    - target: {fileID: 7620484701567517999, guid: cf1f28f81615bab4f86eabf12586b964, type: 3}
      propertyPath: m_RootOrder
      value: 3
      objectReference: {fileID: 0}
    - target: {fileID: 7620484701567517999, guid: cf1f28f81615bab4f86eabf12586b964, type: 3}
      propertyPath: m_LocalPosition.x
      value: 4.5222087
      objectReference: {fileID: 0}
    - target: {fileID: 7620484701567517999, guid: cf1f28f81615bab4f86eabf12586b964, type: 3}
      propertyPath: m_LocalPosition.y
      value: -0.15244621
      objectReference: {fileID: 0}
    - target: {fileID: 7620484701567517999, guid: cf1f28f81615bab4f86eabf12586b964, type: 3}
      propertyPath: m_LocalPosition.z
      value: 0
      objectReference: {fileID: 0}
    - target: {fileID: 7620484701567517999, guid: cf1f28f81615bab4f86eabf12586b964, type: 3}
      propertyPath: m_LocalRotation.w
      value: 1
      objectReference: {fileID: 0}
    - target: {fileID: 7620484701567517999, guid: cf1f28f81615bab4f86eabf12586b964, type: 3}
      propertyPath: m_LocalRotation.x
      value: 0
      objectReference: {fileID: 0}
    - target: {fileID: 7620484701567517999, guid: cf1f28f81615bab4f86eabf12586b964, type: 3}
      propertyPath: m_LocalRotation.y
      value: 0
      objectReference: {fileID: 0}
    - target: {fileID: 7620484701567517999, guid: cf1f28f81615bab4f86eabf12586b964, type: 3}
      propertyPath: m_LocalRotation.z
      value: 0
      objectReference: {fileID: 0}
    - target: {fileID: 7620484701567517999, guid: cf1f28f81615bab4f86eabf12586b964, type: 3}
      propertyPath: m_LocalEulerAnglesHint.x
      value: 0
      objectReference: {fileID: 0}
    - target: {fileID: 7620484701567517999, guid: cf1f28f81615bab4f86eabf12586b964, type: 3}
      propertyPath: m_LocalEulerAnglesHint.y
      value: 0
      objectReference: {fileID: 0}
    - target: {fileID: 7620484701567517999, guid: cf1f28f81615bab4f86eabf12586b964, type: 3}
      propertyPath: m_LocalEulerAnglesHint.z
      value: 0
      objectReference: {fileID: 0}
    m_RemovedComponents: []
  m_SourcePrefab: {fileID: 100100000, guid: cf1f28f81615bab4f86eabf12586b964, type: 3}
